%YAML 1.1
%TAG !u! tag:unity3d.com,2011:
--- !u!114 &754365068
MonoBehaviour:
  m_ObjectHideFlags: 0
  m_CorrespondingSourceObject: {fileID: 0}
  m_PrefabInstance: {fileID: 0}
  m_PrefabAsset: {fileID: 0}
  m_GameObject: {fileID: 93322980225093577}
  m_Enabled: 1
  m_EditorHideFlags: 0
  m_Script: {fileID: 11500000, guid: 9085046f02f69544eb97fd06b6048fe2, type: 3}
  m_Name: 
  m_EditorClassIdentifier: 
  m_Navigation:
    m_Mode: 3
    m_SelectOnUp: {fileID: 0}
    m_SelectOnDown: {fileID: 0}
    m_SelectOnLeft: {fileID: 0}
    m_SelectOnRight: {fileID: 0}
  m_Transition: 1
  m_Colors:
    m_NormalColor: {r: 1, g: 1, b: 1, a: 1}
    m_HighlightedColor: {r: 0.9607843, g: 0.9607843, b: 0.9607843, a: 1}
    m_PressedColor: {r: 0.78431374, g: 0.78431374, b: 0.78431374, a: 1}
    m_SelectedColor: {r: 0.9607843, g: 0.9607843, b: 0.9607843, a: 1}
    m_DisabledColor: {r: 0.78431374, g: 0.78431374, b: 0.78431374, a: 0.5019608}
    m_ColorMultiplier: 1
    m_FadeDuration: 0.1
  m_SpriteState:
    m_HighlightedSprite: {fileID: 0}
    m_PressedSprite: {fileID: 0}
    m_SelectedSprite: {fileID: 0}
    m_DisabledSprite: {fileID: 0}
  m_AnimationTriggers:
    m_NormalTrigger: Normal
    m_HighlightedTrigger: Highlighted
    m_PressedTrigger: Pressed
    m_SelectedTrigger: Selected
    m_DisabledTrigger: Disabled
  m_Interactable: 1
  m_TargetGraphic: {fileID: 93322981642985016}
  toggleTransition: 1
  graphic: {fileID: 0}
  m_Group: {fileID: 0}
  onValueChanged:
    m_PersistentCalls:
      m_Calls:
      - m_Target: {fileID: 754365069}
        m_MethodName: OnStateChange
        m_Mode: 0
        m_Arguments:
          m_ObjectArgument: {fileID: 0}
          m_ObjectArgumentAssemblyTypeName: UnityEngine.Object, UnityEngine
          m_IntArgument: 0
          m_FloatArgument: 0
          m_StringArgument: 
          m_BoolArgument: 0
        m_CallState: 2
  m_IsOn: 1
--- !u!114 &754365069
MonoBehaviour:
  m_ObjectHideFlags: 0
  m_CorrespondingSourceObject: {fileID: 0}
  m_PrefabInstance: {fileID: 0}
  m_PrefabAsset: {fileID: 0}
  m_GameObject: {fileID: 93322980225093577}
  m_Enabled: 1
  m_EditorHideFlags: 0
  m_Script: {fileID: 11500000, guid: 38b5c9020b1d87c45ad8dda0b7c74f41, type: 3}
  m_Name: 
  m_EditorClassIdentifier: 
  onState: {fileID: 93322981642984966}
  onText: {fileID: 93322981134344930}
  offSTate: {fileID: 93322980471028247}
  offText: {fileID: 93322982086193196}
--- !u!1001 &6792127044808525730
PrefabInstance:
  m_ObjectHideFlags: 0
  serializedVersion: 2
  m_Modification:
    m_TransformParent: {fileID: 0}
    m_Modifications:
    - target: {fileID: 6848276622831386026, guid: 8b83a7ff07ebb7f4fb9f05fccb7a8db2,
        type: 3}
      propertyPath: m_AnchorMax.x
      value: 1
      objectReference: {fileID: 0}
    - target: {fileID: 6848276622831386026, guid: 8b83a7ff07ebb7f4fb9f05fccb7a8db2,
        type: 3}
      propertyPath: m_AnchorMax.y
      value: 1
      objectReference: {fileID: 0}
    - target: {fileID: 6848276622831386026, guid: 8b83a7ff07ebb7f4fb9f05fccb7a8db2,
        type: 3}
      propertyPath: m_AnchorMin.y
      value: 0
      objectReference: {fileID: 0}
    - target: {fileID: 6848276622831386026, guid: 8b83a7ff07ebb7f4fb9f05fccb7a8db2,
        type: 3}
      propertyPath: m_AnchoredPosition.x
      value: 0
      objectReference: {fileID: 0}
    - target: {fileID: 6848276622831386026, guid: 8b83a7ff07ebb7f4fb9f05fccb7a8db2,
        type: 3}
      propertyPath: m_AnchoredPosition.y
      value: 0
      objectReference: {fileID: 0}
    - target: {fileID: 6848276622831386026, guid: 8b83a7ff07ebb7f4fb9f05fccb7a8db2,
        type: 3}
      propertyPath: m_SizeDelta.x
      value: 0
      objectReference: {fileID: 0}
    - target: {fileID: 6848276622831386026, guid: 8b83a7ff07ebb7f4fb9f05fccb7a8db2,
        type: 3}
      propertyPath: m_SizeDelta.y
      value: 0
      objectReference: {fileID: 0}
    - target: {fileID: 6848276622831386027, guid: 8b83a7ff07ebb7f4fb9f05fccb7a8db2,
        type: 3}
      propertyPath: m_Sprite
      value: 
      objectReference: {fileID: -6588215001109055115, guid: 85a81c4b4568f974ab522cf44660fcdb,
        type: 3}
    - target: {fileID: 6848276622831386027, guid: 8b83a7ff07ebb7f4fb9f05fccb7a8db2,
        type: 3}
      propertyPath: m_Type
      value: 1
      objectReference: {fileID: 0}
    - target: {fileID: 6848276622831386037, guid: 8b83a7ff07ebb7f4fb9f05fccb7a8db2,
        type: 3}
      propertyPath: m_IsActive
      value: 0
      objectReference: {fileID: 0}
    - target: {fileID: 6848276623084505192, guid: 8b83a7ff07ebb7f4fb9f05fccb7a8db2,
        type: 3}
      propertyPath: m_LocalPosition.x
      value: 0
      objectReference: {fileID: 0}
    - target: {fileID: 6848276623084505192, guid: 8b83a7ff07ebb7f4fb9f05fccb7a8db2,
        type: 3}
      propertyPath: m_LocalPosition.y
      value: 0
      objectReference: {fileID: 0}
    - target: {fileID: 6848276623084505192, guid: 8b83a7ff07ebb7f4fb9f05fccb7a8db2,
        type: 3}
      propertyPath: m_LocalPosition.z
      value: 0
      objectReference: {fileID: 0}
    - target: {fileID: 6848276623084505192, guid: 8b83a7ff07ebb7f4fb9f05fccb7a8db2,
        type: 3}
      propertyPath: m_LocalRotation.x
      value: 0
      objectReference: {fileID: 0}
    - target: {fileID: 6848276623084505192, guid: 8b83a7ff07ebb7f4fb9f05fccb7a8db2,
        type: 3}
      propertyPath: m_LocalRotation.y
      value: 0
      objectReference: {fileID: 0}
    - target: {fileID: 6848276623084505192, guid: 8b83a7ff07ebb7f4fb9f05fccb7a8db2,
        type: 3}
      propertyPath: m_LocalRotation.z
      value: 0
      objectReference: {fileID: 0}
    - target: {fileID: 6848276623084505192, guid: 8b83a7ff07ebb7f4fb9f05fccb7a8db2,
        type: 3}
      propertyPath: m_LocalRotation.w
      value: 1
      objectReference: {fileID: 0}
    - target: {fileID: 6848276623084505192, guid: 8b83a7ff07ebb7f4fb9f05fccb7a8db2,
        type: 3}
      propertyPath: m_RootOrder
      value: 0
      objectReference: {fileID: 0}
    - target: {fileID: 6848276623084505192, guid: 8b83a7ff07ebb7f4fb9f05fccb7a8db2,
        type: 3}
      propertyPath: m_LocalEulerAnglesHint.x
      value: 0
      objectReference: {fileID: 0}
    - target: {fileID: 6848276623084505192, guid: 8b83a7ff07ebb7f4fb9f05fccb7a8db2,
        type: 3}
      propertyPath: m_LocalEulerAnglesHint.y
      value: 0
      objectReference: {fileID: 0}
    - target: {fileID: 6848276623084505192, guid: 8b83a7ff07ebb7f4fb9f05fccb7a8db2,
        type: 3}
      propertyPath: m_LocalEulerAnglesHint.z
      value: 0
      objectReference: {fileID: 0}
    - target: {fileID: 6848276623084505192, guid: 8b83a7ff07ebb7f4fb9f05fccb7a8db2,
        type: 3}
      propertyPath: m_AnchoredPosition.x
      value: 96
      objectReference: {fileID: 0}
    - target: {fileID: 6848276623084505192, guid: 8b83a7ff07ebb7f4fb9f05fccb7a8db2,
        type: 3}
      propertyPath: m_AnchoredPosition.y
      value: 0
      objectReference: {fileID: 0}
    - target: {fileID: 6848276623084505192, guid: 8b83a7ff07ebb7f4fb9f05fccb7a8db2,
        type: 3}
      propertyPath: m_SizeDelta.x
      value: 214.82
      objectReference: {fileID: 0}
    - target: {fileID: 6848276623084505192, guid: 8b83a7ff07ebb7f4fb9f05fccb7a8db2,
        type: 3}
      propertyPath: m_SizeDelta.y
      value: 70
      objectReference: {fileID: 0}
    - target: {fileID: 6848276623084505192, guid: 8b83a7ff07ebb7f4fb9f05fccb7a8db2,
        type: 3}
      propertyPath: m_AnchorMin.x
      value: 0
      objectReference: {fileID: 0}
    - target: {fileID: 6848276623084505192, guid: 8b83a7ff07ebb7f4fb9f05fccb7a8db2,
        type: 3}
      propertyPath: m_AnchorMin.y
      value: 0
      objectReference: {fileID: 0}
    - target: {fileID: 6848276623084505192, guid: 8b83a7ff07ebb7f4fb9f05fccb7a8db2,
        type: 3}
      propertyPath: m_AnchorMax.x
      value: 0
      objectReference: {fileID: 0}
    - target: {fileID: 6848276623084505192, guid: 8b83a7ff07ebb7f4fb9f05fccb7a8db2,
        type: 3}
      propertyPath: m_AnchorMax.y
      value: 0
      objectReference: {fileID: 0}
    - target: {fileID: 6848276623084505192, guid: 8b83a7ff07ebb7f4fb9f05fccb7a8db2,
        type: 3}
      propertyPath: m_Pivot.x
      value: 0.5
      objectReference: {fileID: 0}
    - target: {fileID: 6848276623084505192, guid: 8b83a7ff07ebb7f4fb9f05fccb7a8db2,
        type: 3}
      propertyPath: m_Pivot.y
      value: 0.5
      objectReference: {fileID: 0}
    - target: {fileID: 6848276623084505195, guid: 8b83a7ff07ebb7f4fb9f05fccb7a8db2,
        type: 3}
      propertyPath: m_Name
      value: Tag_Clouds_Togl_WithFilterState Variant
      objectReference: {fileID: 0}
    - target: {fileID: 6848276623084505198, guid: 8b83a7ff07ebb7f4fb9f05fccb7a8db2,
        type: 3}
      propertyPath: m_Enabled
      value: 1
      objectReference: {fileID: 0}
    - target: {fileID: 6848276623084505198, guid: 8b83a7ff07ebb7f4fb9f05fccb7a8db2,
        type: 3}
      propertyPath: m_Sprite
      value: 
      objectReference: {fileID: -6588215001109055115, guid: 85a81c4b4568f974ab522cf44660fcdb,
        type: 3}
    - target: {fileID: 6848276623084505198, guid: 8b83a7ff07ebb7f4fb9f05fccb7a8db2,
        type: 3}
      propertyPath: m_Color.a
      value: 0
      objectReference: {fileID: 0}
    - target: {fileID: 6848276623084505198, guid: 8b83a7ff07ebb7f4fb9f05fccb7a8db2,
        type: 3}
      propertyPath: m_Type
      value: 1
      objectReference: {fileID: 0}
    - target: {fileID: 6848276624329565504, guid: 8b83a7ff07ebb7f4fb9f05fccb7a8db2,
        type: 3}
      propertyPath: m_Text
      value: Filter Name
      objectReference: {fileID: 0}
    - target: {fileID: 6848276624329565504, guid: 8b83a7ff07ebb7f4fb9f05fccb7a8db2,
        type: 3}
      propertyPath: m_FontData.m_FontSize
      value: 25
      objectReference: {fileID: 0}
    - target: {fileID: 6848276624329565504, guid: 8b83a7ff07ebb7f4fb9f05fccb7a8db2,
        type: 3}
      propertyPath: m_FontData.m_MinSize
      value: 2
      objectReference: {fileID: 0}
    - target: {fileID: 6848276624329565507, guid: 8b83a7ff07ebb7f4fb9f05fccb7a8db2,
        type: 3}
      propertyPath: m_AnchorMax.x
      value: 1
      objectReference: {fileID: 0}
    - target: {fileID: 6848276624329565507, guid: 8b83a7ff07ebb7f4fb9f05fccb7a8db2,
        type: 3}
      propertyPath: m_AnchorMax.y
      value: 1
      objectReference: {fileID: 0}
    - target: {fileID: 6848276624329565507, guid: 8b83a7ff07ebb7f4fb9f05fccb7a8db2,
        type: 3}
      propertyPath: m_AnchorMin.y
      value: 0
      objectReference: {fileID: 0}
    - target: {fileID: 6848276624329565507, guid: 8b83a7ff07ebb7f4fb9f05fccb7a8db2,
        type: 3}
      propertyPath: m_AnchoredPosition.x
      value: 0
      objectReference: {fileID: 0}
    - target: {fileID: 6848276624329565507, guid: 8b83a7ff07ebb7f4fb9f05fccb7a8db2,
        type: 3}
      propertyPath: m_SizeDelta.x
      value: 0
      objectReference: {fileID: 0}
    - target: {fileID: 6848276624329565507, guid: 8b83a7ff07ebb7f4fb9f05fccb7a8db2,
        type: 3}
      propertyPath: m_AnchoredPosition.y
      value: 0
      objectReference: {fileID: 0}
    - target: {fileID: 6848276624329565507, guid: 8b83a7ff07ebb7f4fb9f05fccb7a8db2,
        type: 3}
      propertyPath: m_SizeDelta.y
      value: 0
      objectReference: {fileID: 0}
    - target: {fileID: 6848276624329565507, guid: 8b83a7ff07ebb7f4fb9f05fccb7a8db2,
        type: 3}
      propertyPath: m_AnchorMin.x
      value: 0
      objectReference: {fileID: 0}
    - target: {fileID: 6848276624442554249, guid: 8b83a7ff07ebb7f4fb9f05fccb7a8db2,
        type: 3}
      propertyPath: m_AnchorMax.x
      value: 1
      objectReference: {fileID: 0}
    - target: {fileID: 6848276624442554249, guid: 8b83a7ff07ebb7f4fb9f05fccb7a8db2,
        type: 3}
      propertyPath: m_AnchorMax.y
      value: 1
      objectReference: {fileID: 0}
    - target: {fileID: 6848276624442554249, guid: 8b83a7ff07ebb7f4fb9f05fccb7a8db2,
        type: 3}
      propertyPath: m_AnchorMin.y
      value: 0
      objectReference: {fileID: 0}
    - target: {fileID: 6848276624442554249, guid: 8b83a7ff07ebb7f4fb9f05fccb7a8db2,
        type: 3}
      propertyPath: m_AnchoredPosition.x
      value: 0
      objectReference: {fileID: 0}
    - target: {fileID: 6848276624442554249, guid: 8b83a7ff07ebb7f4fb9f05fccb7a8db2,
        type: 3}
      propertyPath: m_AnchoredPosition.y
      value: 0
      objectReference: {fileID: 0}
    - target: {fileID: 6848276624442554249, guid: 8b83a7ff07ebb7f4fb9f05fccb7a8db2,
        type: 3}
      propertyPath: m_SizeDelta.x
      value: 0
      objectReference: {fileID: 0}
    - target: {fileID: 6848276624442554249, guid: 8b83a7ff07ebb7f4fb9f05fccb7a8db2,
        type: 3}
      propertyPath: m_SizeDelta.y
      value: 0
      objectReference: {fileID: 0}
    - target: {fileID: 6848276624442554249, guid: 8b83a7ff07ebb7f4fb9f05fccb7a8db2,
        type: 3}
      propertyPath: m_AnchorMin.x
      value: 0
      objectReference: {fileID: 0}
    - target: {fileID: 6848276624442554254, guid: 8b83a7ff07ebb7f4fb9f05fccb7a8db2,
        type: 3}
      propertyPath: m_Text
      value: Filter Name
      objectReference: {fileID: 0}
    - target: {fileID: 6848276624442554254, guid: 8b83a7ff07ebb7f4fb9f05fccb7a8db2,
        type: 3}
      propertyPath: m_FontData.m_FontSize
      value: 25
      objectReference: {fileID: 0}
    - target: {fileID: 6848276624442554254, guid: 8b83a7ff07ebb7f4fb9f05fccb7a8db2,
        type: 3}
      propertyPath: m_FontData.m_MinSize
      value: 2
      objectReference: {fileID: 0}
    - target: {fileID: 6848276624871725466, guid: 8b83a7ff07ebb7f4fb9f05fccb7a8db2,
        type: 3}
      propertyPath: m_Sprite
      value: 
      objectReference: {fileID: -6588215001109055115, guid: 85a81c4b4568f974ab522cf44660fcdb,
        type: 3}
    - target: {fileID: 6848276624871725466, guid: 8b83a7ff07ebb7f4fb9f05fccb7a8db2,
        type: 3}
      propertyPath: m_Type
      value: 1
      objectReference: {fileID: 0}
    - target: {fileID: 6848276624871725476, guid: 8b83a7ff07ebb7f4fb9f05fccb7a8db2,
        type: 3}
      propertyPath: m_IsActive
      value: 1
      objectReference: {fileID: 0}
    - target: {fileID: 6848276624871725477, guid: 8b83a7ff07ebb7f4fb9f05fccb7a8db2,
        type: 3}
      propertyPath: m_SizeDelta.x
      value: 0
      objectReference: {fileID: 0}
    - target: {fileID: 6848276624871725477, guid: 8b83a7ff07ebb7f4fb9f05fccb7a8db2,
        type: 3}
      propertyPath: m_AnchorMax.x
      value: 1
      objectReference: {fileID: 0}
    - target: {fileID: 6848276624871725477, guid: 8b83a7ff07ebb7f4fb9f05fccb7a8db2,
        type: 3}
      propertyPath: m_AnchorMax.y
      value: 1
      objectReference: {fileID: 0}
    - target: {fileID: 6848276624871725477, guid: 8b83a7ff07ebb7f4fb9f05fccb7a8db2,
        type: 3}
      propertyPath: m_AnchorMin.y
      value: 0
      objectReference: {fileID: 0}
    - target: {fileID: 6848276624871725477, guid: 8b83a7ff07ebb7f4fb9f05fccb7a8db2,
        type: 3}
      propertyPath: m_AnchoredPosition.x
      value: 0
      objectReference: {fileID: 0}
    - target: {fileID: 6848276624871725477, guid: 8b83a7ff07ebb7f4fb9f05fccb7a8db2,
        type: 3}
      propertyPath: m_AnchoredPosition.y
      value: 0
      objectReference: {fileID: 0}
    - target: {fileID: 6848276624871725477, guid: 8b83a7ff07ebb7f4fb9f05fccb7a8db2,
        type: 3}
      propertyPath: m_SizeDelta.y
      value: 0
      objectReference: {fileID: 0}
    - target: {fileID: 9056171587807751979, guid: 8b83a7ff07ebb7f4fb9f05fccb7a8db2,
        type: 3}
      propertyPath: m_OnClick.m_PersistentCalls.m_Calls.Array.size
      value: 1
      objectReference: {fileID: 0}
    - target: {fileID: 9056171587807751979, guid: 8b83a7ff07ebb7f4fb9f05fccb7a8db2,
        type: 3}
      propertyPath: m_OnClick.m_PersistentCalls.m_Calls.Array.data[0].m_Mode
      value: 1
      objectReference: {fileID: 0}
    - target: {fileID: 9056171587807751979, guid: 8b83a7ff07ebb7f4fb9f05fccb7a8db2,
        type: 3}
      propertyPath: m_OnClick.m_PersistentCalls.m_Calls.Array.data[0].m_CallState
      value: 2
      objectReference: {fileID: 0}
    - target: {fileID: 9056171587807751979, guid: 8b83a7ff07ebb7f4fb9f05fccb7a8db2,
        type: 3}
      propertyPath: m_OnClick.m_PersistentCalls.m_Calls.Array.data[0].m_Target
      value: 
      objectReference: {fileID: 754365069}
    m_RemovedComponents:
    - {fileID: 9056171587807751979, guid: 8b83a7ff07ebb7f4fb9f05fccb7a8db2, type: 3}
  m_SourcePrefab: {fileID: 100100000, guid: 8b83a7ff07ebb7f4fb9f05fccb7a8db2, type: 3}
--- !u!1 &93322980225093577 stripped
GameObject:
  m_CorrespondingSourceObject: {fileID: 6848276623084505195, guid: 8b83a7ff07ebb7f4fb9f05fccb7a8db2,
    type: 3}
  m_PrefabInstance: {fileID: 6792127044808525730}
  m_PrefabAsset: {fileID: 0}
--- !u!1 &93322980471028247 stripped
GameObject:
  m_CorrespondingSourceObject: {fileID: 6848276622831386037, guid: 8b83a7ff07ebb7f4fb9f05fccb7a8db2,
    type: 3}
  m_PrefabInstance: {fileID: 6792127044808525730}
  m_PrefabAsset: {fileID: 0}
--- !u!114 &93322982086193196 stripped
MonoBehaviour:
  m_CorrespondingSourceObject: {fileID: 6848276624442554254, guid: 8b83a7ff07ebb7f4fb9f05fccb7a8db2,
    type: 3}
  m_PrefabInstance: {fileID: 6792127044808525730}
  m_PrefabAsset: {fileID: 0}
  m_GameObject: {fileID: 0}
  m_Enabled: 1
  m_EditorHideFlags: 0
  m_Script: {fileID: 11500000, guid: 5f7201a12d95ffc409449d95f23cf332, type: 3}
  m_Name: 
  m_EditorClassIdentifier: 
--- !u!1 &93322981642984966 stripped
GameObject:
  m_CorrespondingSourceObject: {fileID: 6848276624871725476, guid: 8b83a7ff07ebb7f4fb9f05fccb7a8db2,
    type: 3}
  m_PrefabInstance: {fileID: 6792127044808525730}
  m_PrefabAsset: {fileID: 0}
--- !u!114 &93322981642985016 stripped
MonoBehaviour:
  m_CorrespondingSourceObject: {fileID: 6848276624871725466, guid: 8b83a7ff07ebb7f4fb9f05fccb7a8db2,
    type: 3}
  m_PrefabInstance: {fileID: 6792127044808525730}
  m_PrefabAsset: {fileID: 0}
  m_GameObject: {fileID: 93322981642984966}
  m_Enabled: 1
  m_EditorHideFlags: 0
  m_Script: {fileID: 11500000, guid: fe87c0e1cc204ed48ad3b37840f39efc, type: 3}
  m_Name: 
  m_EditorClassIdentifier: 
--- !u!114 &93322981134344930 stripped
MonoBehaviour:
  m_CorrespondingSourceObject: {fileID: 6848276624329565504, guid: 8b83a7ff07ebb7f4fb9f05fccb7a8db2,
    type: 3}
  m_PrefabInstance: {fileID: 6792127044808525730}
  m_PrefabAsset: {fileID: 0}
  m_GameObject: {fileID: 0}
  m_Enabled: 1
  m_EditorHideFlags: 0
  m_Script: {fileID: 11500000, guid: 5f7201a12d95ffc409449d95f23cf332, type: 3}
  m_Name: 
  m_EditorClassIdentifier: 
