%YAML 1.1
%TAG !u! tag:unity3d.com,2011:
--- !u!1 &6037867346526357960
GameObject:
  m_ObjectHideFlags: 0
  m_CorrespondingSourceObject: {fileID: 0}
  m_PrefabInstance: {fileID: 0}
  m_PrefabAsset: {fileID: 0}
  serializedVersion: 6
  m_Component:
  - component: {fileID: 6037867346526357964}
  - component: {fileID: 6037867346526357967}
  - component: {fileID: 6037867346526357966}
  - component: {fileID: 6037867346526357961}
  m_Layer: 5
  m_Name: Login_Panel
  m_TagString: Untagged
  m_Icon: {fileID: 0}
  m_NavMeshLayer: 0
  m_StaticEditorFlags: 0
  m_IsActive: 1
--- !u!224 &6037867346526357964
RectTransform:
  m_ObjectHideFlags: 0
  m_CorrespondingSourceObject: {fileID: 0}
  m_PrefabInstance: {fileID: 0}
  m_PrefabAsset: {fileID: 0}
  m_GameObject: {fileID: 6037867346526357960}
  m_LocalRotation: {x: 0, y: 0, z: 0, w: 1}
  m_LocalPosition: {x: 0, y: 0, z: 0}
  m_LocalScale: {x: 0, y: 0, z: 0}
  m_Children:
  - {fileID: 6037867347145951397}
  - {fileID: 6037867348124309445}
  m_Father: {fileID: 0}
  m_RootOrder: 0
  m_LocalEulerAnglesHint: {x: 0, y: 0, z: 0}
  m_AnchorMin: {x: 0, y: 0}
  m_AnchorMax: {x: 0, y: 0}
  m_AnchoredPosition: {x: 0, y: 0}
  m_SizeDelta: {x: 0, y: 0}
  m_Pivot: {x: 0, y: 0}
--- !u!223 &6037867346526357967
Canvas:
  m_ObjectHideFlags: 0
  m_CorrespondingSourceObject: {fileID: 0}
  m_PrefabInstance: {fileID: 0}
  m_PrefabAsset: {fileID: 0}
  m_GameObject: {fileID: 6037867346526357960}
  m_Enabled: 1
  serializedVersion: 3
  m_RenderMode: 0
  m_Camera: {fileID: 0}
  m_PlaneDistance: 100
  m_PixelPerfect: 0
  m_ReceivesEvents: 1
  m_OverrideSorting: 0
  m_OverridePixelPerfect: 0
  m_SortingBucketNormalizedSize: 0
  m_AdditionalShaderChannelsFlag: 25
  m_SortingLayerID: 0
  m_SortingOrder: 0
  m_TargetDisplay: 0
--- !u!114 &6037867346526357966
MonoBehaviour:
  m_ObjectHideFlags: 0
  m_CorrespondingSourceObject: {fileID: 0}
  m_PrefabInstance: {fileID: 0}
  m_PrefabAsset: {fileID: 0}
  m_GameObject: {fileID: 6037867346526357960}
  m_Enabled: 1
  m_EditorHideFlags: 0
  m_Script: {fileID: 11500000, guid: 0cd44c1031e13a943bb63640046fad76, type: 3}
  m_Name: 
  m_EditorClassIdentifier: 
  m_UiScaleMode: 1
  m_ReferencePixelsPerUnit: 100
  m_ScaleFactor: 1
  m_ReferenceResolution: {x: 1080, y: 1920}
  m_ScreenMatchMode: 0
  m_MatchWidthOrHeight: 1
  m_PhysicalUnit: 3
  m_FallbackScreenDPI: 96
  m_DefaultSpriteDPI: 96
  m_DynamicPixelsPerUnit: 1
--- !u!114 &6037867346526357961
MonoBehaviour:
  m_ObjectHideFlags: 0
  m_CorrespondingSourceObject: {fileID: 0}
  m_PrefabInstance: {fileID: 0}
  m_PrefabAsset: {fileID: 0}
  m_GameObject: {fileID: 6037867346526357960}
  m_Enabled: 1
  m_EditorHideFlags: 0
  m_Script: {fileID: 11500000, guid: dc42784cf147c0c48a680349fa168899, type: 3}
  m_Name: 
  m_EditorClassIdentifier: 
  m_IgnoreReversedGraphics: 1
  m_BlockingObjects: 0
  m_BlockingMask:
    serializedVersion: 2
    m_Bits: 311
--- !u!1 &6037867347145951396
GameObject:
  m_ObjectHideFlags: 0
  m_CorrespondingSourceObject: {fileID: 0}
  m_PrefabInstance: {fileID: 0}
  m_PrefabAsset: {fileID: 0}
  serializedVersion: 6
  m_Component:
  - component: {fileID: 6037867347145951397}
  - component: {fileID: 6037867347145951419}
  - component: {fileID: 6037867347145951418}
  m_Layer: 5
  m_Name: BG_Panel
  m_TagString: Untagged
  m_Icon: {fileID: 0}
  m_NavMeshLayer: 0
  m_StaticEditorFlags: 0
  m_IsActive: 1
--- !u!224 &6037867347145951397
RectTransform:
  m_ObjectHideFlags: 0
  m_CorrespondingSourceObject: {fileID: 0}
  m_PrefabInstance: {fileID: 0}
  m_PrefabAsset: {fileID: 0}
  m_GameObject: {fileID: 6037867347145951396}
  m_LocalRotation: {x: 0, y: 0, z: 0, w: 1}
  m_LocalPosition: {x: 0, y: 0, z: 0}
  m_LocalScale: {x: 1, y: 1, z: 1}
  m_Children:
  - {fileID: 9106937682107979733}
  - {fileID: 6825929488828281248}
  m_Father: {fileID: 6037867346526357964}
  m_RootOrder: 0
  m_LocalEulerAnglesHint: {x: 0, y: 0, z: 0}
  m_AnchorMin: {x: 0, y: 0}
  m_AnchorMax: {x: 1, y: 1}
  m_AnchoredPosition: {x: 0, y: 0}
  m_SizeDelta: {x: 0, y: 0}
  m_Pivot: {x: 0.5, y: 0.5}
--- !u!222 &6037867347145951419
CanvasRenderer:
  m_ObjectHideFlags: 0
  m_CorrespondingSourceObject: {fileID: 0}
  m_PrefabInstance: {fileID: 0}
  m_PrefabAsset: {fileID: 0}
  m_GameObject: {fileID: 6037867347145951396}
  m_CullTransparentMesh: 0
--- !u!114 &6037867347145951418
MonoBehaviour:
  m_ObjectHideFlags: 0
  m_CorrespondingSourceObject: {fileID: 0}
  m_PrefabInstance: {fileID: 0}
  m_PrefabAsset: {fileID: 0}
  m_GameObject: {fileID: 6037867347145951396}
  m_Enabled: 1
  m_EditorHideFlags: 0
  m_Script: {fileID: 11500000, guid: fe87c0e1cc204ed48ad3b37840f39efc, type: 3}
  m_Name: 
  m_EditorClassIdentifier: 
  m_Material: {fileID: 2100000, guid: a4de9eede19f48a418f9c10cd44666fe, type: 2}
  m_Color: {r: 1, g: 1, b: 1, a: 1}
  m_RaycastTarget: 1
  m_OnCullStateChanged:
    m_PersistentCalls:
      m_Calls: []
  m_Sprite: {fileID: 0}
  m_Type: 0
  m_PreserveAspect: 0
  m_FillCenter: 1
  m_FillMethod: 4
  m_FillAmount: 1
  m_FillClockwise: 1
  m_FillOrigin: 0
  m_UseSpriteMesh: 0
  m_PixelsPerUnitMultiplier: 1
--- !u!1 &6037867347468355093
GameObject:
  m_ObjectHideFlags: 0
  m_CorrespondingSourceObject: {fileID: 0}
  m_PrefabInstance: {fileID: 0}
  m_PrefabAsset: {fileID: 0}
  serializedVersion: 6
  m_Component:
  - component: {fileID: 6037867347468355178}
  - component: {fileID: 6037867347468355176}
  - component: {fileID: 6037867347468355179}
  m_Layer: 5
  m_Name: Show
  m_TagString: Untagged
  m_Icon: {fileID: 0}
  m_NavMeshLayer: 0
  m_StaticEditorFlags: 0
  m_IsActive: 0
--- !u!224 &6037867347468355178
RectTransform:
  m_ObjectHideFlags: 0
  m_CorrespondingSourceObject: {fileID: 0}
  m_PrefabInstance: {fileID: 0}
  m_PrefabAsset: {fileID: 0}
  m_GameObject: {fileID: 6037867347468355093}
  m_LocalRotation: {x: -0, y: -0, z: -0, w: 1}
  m_LocalPosition: {x: 0, y: 0, z: 0}
  m_LocalScale: {x: 1, y: 1, z: 1}
  m_Children: []
  m_Father: {fileID: 6037867348043152322}
  m_RootOrder: 1
  m_LocalEulerAnglesHint: {x: 0, y: 0, z: 0}
  m_AnchorMin: {x: 0.5, y: 0.5}
  m_AnchorMax: {x: 0.5, y: 0.5}
  m_AnchoredPosition: {x: 0, y: 0}
  m_SizeDelta: {x: 38.28, y: 38.28}
  m_Pivot: {x: 0.5, y: 0.5}
--- !u!222 &6037867347468355176
CanvasRenderer:
  m_ObjectHideFlags: 0
  m_CorrespondingSourceObject: {fileID: 0}
  m_PrefabInstance: {fileID: 0}
  m_PrefabAsset: {fileID: 0}
  m_GameObject: {fileID: 6037867347468355093}
  m_CullTransparentMesh: 0
--- !u!114 &6037867347468355179
MonoBehaviour:
  m_ObjectHideFlags: 0
  m_CorrespondingSourceObject: {fileID: 0}
  m_PrefabInstance: {fileID: 0}
  m_PrefabAsset: {fileID: 0}
  m_GameObject: {fileID: 6037867347468355093}
  m_Enabled: 1
  m_EditorHideFlags: 0
  m_Script: {fileID: 11500000, guid: fe87c0e1cc204ed48ad3b37840f39efc, type: 3}
  m_Name: 
  m_EditorClassIdentifier: 
  m_Material: {fileID: 2100000, guid: d9bf069e92fbad045ae043f9f33a643e, type: 2}
  m_Color: {r: 1, g: 1, b: 1, a: 1}
  m_RaycastTarget: 1
  m_OnCullStateChanged:
    m_PersistentCalls:
      m_Calls: []
  m_Sprite: {fileID: -1955852126570641183, guid: 85a81c4b4568f974ab522cf44660fcdb,
    type: 3}
  m_Type: 0
  m_PreserveAspect: 1
  m_FillCenter: 1
  m_FillMethod: 4
  m_FillAmount: 1
  m_FillClockwise: 1
  m_FillOrigin: 0
  m_UseSpriteMesh: 0
  m_PixelsPerUnitMultiplier: 1
--- !u!1 &6037867347807752391
GameObject:
  m_ObjectHideFlags: 0
  m_CorrespondingSourceObject: {fileID: 0}
  m_PrefabInstance: {fileID: 0}
  m_PrefabAsset: {fileID: 0}
  serializedVersion: 6
  m_Component:
  - component: {fileID: 6037867347807752388}
  - component: {fileID: 6037867347807752410}
  - component: {fileID: 6037867347807752389}
  m_Layer: 5
  m_Name: Background
  m_TagString: Untagged
  m_Icon: {fileID: 0}
  m_NavMeshLayer: 0
  m_StaticEditorFlags: 0
  m_IsActive: 1
--- !u!224 &6037867347807752388
RectTransform:
  m_ObjectHideFlags: 0
  m_CorrespondingSourceObject: {fileID: 0}
  m_PrefabInstance: {fileID: 0}
  m_PrefabAsset: {fileID: 0}
  m_GameObject: {fileID: 6037867347807752391}
  m_LocalRotation: {x: -0, y: -0, z: -0, w: 1}
  m_LocalPosition: {x: 0, y: 0, z: 0}
  m_LocalScale: {x: 1, y: 1, z: 1}
  m_Children: []
  m_Father: {fileID: 6037867348043152322}
  m_RootOrder: 0
  m_LocalEulerAnglesHint: {x: 0, y: 0, z: 0}
  m_AnchorMin: {x: 0, y: 0}
  m_AnchorMax: {x: 1, y: 1}
  m_AnchoredPosition: {x: 0, y: 0}
  m_SizeDelta: {x: -0.000076294, y: -0.00022125}
  m_Pivot: {x: 0.5, y: 0.5}
--- !u!222 &6037867347807752410
CanvasRenderer:
  m_ObjectHideFlags: 0
  m_CorrespondingSourceObject: {fileID: 0}
  m_PrefabInstance: {fileID: 0}
  m_PrefabAsset: {fileID: 0}
  m_GameObject: {fileID: 6037867347807752391}
  m_CullTransparentMesh: 0
--- !u!114 &6037867347807752389
MonoBehaviour:
  m_ObjectHideFlags: 0
  m_CorrespondingSourceObject: {fileID: 0}
  m_PrefabInstance: {fileID: 0}
  m_PrefabAsset: {fileID: 0}
  m_GameObject: {fileID: 6037867347807752391}
  m_Enabled: 1
  m_EditorHideFlags: 0
  m_Script: {fileID: 11500000, guid: fe87c0e1cc204ed48ad3b37840f39efc, type: 3}
  m_Name: 
  m_EditorClassIdentifier: 
  m_Material: {fileID: 2100000, guid: 1d731418e58fcba4c9fffd8a49edfa5a, type: 2}
  m_Color: {r: 1, g: 1, b: 1, a: 0}
  m_RaycastTarget: 1
  m_OnCullStateChanged:
    m_PersistentCalls:
      m_Calls: []
  m_Sprite: {fileID: 0}
  m_Type: 0
  m_PreserveAspect: 0
  m_FillCenter: 1
  m_FillMethod: 4
  m_FillAmount: 1
  m_FillClockwise: 1
  m_FillOrigin: 0
  m_UseSpriteMesh: 0
  m_PixelsPerUnitMultiplier: 1
--- !u!1 &6037867348043152333
GameObject:
  m_ObjectHideFlags: 0
  m_CorrespondingSourceObject: {fileID: 0}
  m_PrefabInstance: {fileID: 0}
  m_PrefabAsset: {fileID: 0}
  serializedVersion: 6
  m_Component:
  - component: {fileID: 6037867348043152322}
  - component: {fileID: 6037867348043152323}
  m_Layer: 5
  m_Name: Eye_Toggle
  m_TagString: Untagged
  m_Icon: {fileID: 0}
  m_NavMeshLayer: 0
  m_StaticEditorFlags: 0
  m_IsActive: 1
--- !u!224 &6037867348043152322
RectTransform:
  m_ObjectHideFlags: 0
  m_CorrespondingSourceObject: {fileID: 0}
  m_PrefabInstance: {fileID: 0}
  m_PrefabAsset: {fileID: 0}
  m_GameObject: {fileID: 6037867348043152333}
  m_LocalRotation: {x: -0, y: -0, z: -0, w: 1}
  m_LocalPosition: {x: 0, y: 0, z: 0}
  m_LocalScale: {x: 1, y: 1, z: 1}
  m_Children:
  - {fileID: 6037867347807752388}
  - {fileID: 6037867347468355178}
  - {fileID: 6037867348078834895}
  m_Father: {fileID: 6037867348124309445}
  m_RootOrder: 6
  m_LocalEulerAnglesHint: {x: 0, y: 0, z: 0}
  m_AnchorMin: {x: 1, y: 0}
  m_AnchorMax: {x: 1, y: 0}
  m_AnchoredPosition: {x: -60, y: 1230}
  m_SizeDelta: {x: 111.91, y: 100}
  m_Pivot: {x: 1, y: 0}
--- !u!114 &6037867348043152323
MonoBehaviour:
  m_ObjectHideFlags: 0
  m_CorrespondingSourceObject: {fileID: 0}
  m_PrefabInstance: {fileID: 0}
  m_PrefabAsset: {fileID: 0}
  m_GameObject: {fileID: 6037867348043152333}
  m_Enabled: 1
  m_EditorHideFlags: 0
  m_Script: {fileID: 11500000, guid: 9085046f02f69544eb97fd06b6048fe2, type: 3}
  m_Name: 
  m_EditorClassIdentifier: 
  m_Navigation:
    m_Mode: 3
    m_SelectOnUp: {fileID: 0}
    m_SelectOnDown: {fileID: 0}
    m_SelectOnLeft: {fileID: 0}
    m_SelectOnRight: {fileID: 0}
  m_Transition: 1
  m_Colors:
    m_NormalColor: {r: 1, g: 1, b: 1, a: 1}
    m_HighlightedColor: {r: 0.9607843, g: 0.9607843, b: 0.9607843, a: 1}
    m_PressedColor: {r: 0.78431374, g: 0.78431374, b: 0.78431374, a: 1}
    m_SelectedColor: {r: 0.9607843, g: 0.9607843, b: 0.9607843, a: 1}
    m_DisabledColor: {r: 0.78431374, g: 0.78431374, b: 0.78431374, a: 0.5019608}
    m_ColorMultiplier: 1
    m_FadeDuration: 0.1
  m_SpriteState:
    m_HighlightedSprite: {fileID: 0}
    m_PressedSprite: {fileID: 0}
    m_SelectedSprite: {fileID: 0}
    m_DisabledSprite: {fileID: 0}
  m_AnimationTriggers:
    m_NormalTrigger: Normal
    m_HighlightedTrigger: Highlighted
    m_PressedTrigger: Pressed
    m_SelectedTrigger: Selected
    m_DisabledTrigger: Disabled
  m_Interactable: 1
  m_TargetGraphic: {fileID: 6037867347807752389}
  toggleTransition: 1
  graphic: {fileID: 6037867348078834892}
  m_Group: {fileID: 0}
  onValueChanged:
    m_PersistentCalls:
      m_Calls:
      - m_Target: {fileID: 0}
        m_MethodName: 
        m_Mode: 1
        m_Arguments:
          m_ObjectArgument: {fileID: 0}
          m_ObjectArgumentAssemblyTypeName: 
          m_IntArgument: 0
          m_FloatArgument: 0
          m_StringArgument: 
          m_BoolArgument: 0
        m_CallState: 2
  m_IsOn: 1
--- !u!1 &6037867348078834894
GameObject:
  m_ObjectHideFlags: 0
  m_CorrespondingSourceObject: {fileID: 0}
  m_PrefabInstance: {fileID: 0}
  m_PrefabAsset: {fileID: 0}
  serializedVersion: 6
  m_Component:
  - component: {fileID: 6037867348078834895}
  - component: {fileID: 6037867348078834893}
  - component: {fileID: 6037867348078834892}
  m_Layer: 5
  m_Name: Hide
  m_TagString: Untagged
  m_Icon: {fileID: 0}
  m_NavMeshLayer: 0
  m_StaticEditorFlags: 0
  m_IsActive: 1
--- !u!224 &6037867348078834895
RectTransform:
  m_ObjectHideFlags: 0
  m_CorrespondingSourceObject: {fileID: 0}
  m_PrefabInstance: {fileID: 0}
  m_PrefabAsset: {fileID: 0}
  m_GameObject: {fileID: 6037867348078834894}
  m_LocalRotation: {x: -0, y: -0, z: -0, w: 1}
  m_LocalPosition: {x: 0, y: 0, z: 0}
  m_LocalScale: {x: 1, y: 1, z: 1}
  m_Children: []
  m_Father: {fileID: 6037867348043152322}
  m_RootOrder: 2
  m_LocalEulerAnglesHint: {x: 0, y: 0, z: 0}
  m_AnchorMin: {x: 0.5, y: 0.5}
  m_AnchorMax: {x: 0.5, y: 0.5}
  m_AnchoredPosition: {x: 0, y: 0}
  m_SizeDelta: {x: 38.28, y: 38.28}
  m_Pivot: {x: 0.5, y: 0.5}
--- !u!222 &6037867348078834893
CanvasRenderer:
  m_ObjectHideFlags: 0
  m_CorrespondingSourceObject: {fileID: 0}
  m_PrefabInstance: {fileID: 0}
  m_PrefabAsset: {fileID: 0}
  m_GameObject: {fileID: 6037867348078834894}
  m_CullTransparentMesh: 0
--- !u!114 &6037867348078834892
MonoBehaviour:
  m_ObjectHideFlags: 0
  m_CorrespondingSourceObject: {fileID: 0}
  m_PrefabInstance: {fileID: 0}
  m_PrefabAsset: {fileID: 0}
  m_GameObject: {fileID: 6037867348078834894}
  m_Enabled: 1
  m_EditorHideFlags: 0
  m_Script: {fileID: 11500000, guid: fe87c0e1cc204ed48ad3b37840f39efc, type: 3}
  m_Name: 
  m_EditorClassIdentifier: 
  m_Material: {fileID: 2100000, guid: fab7c3164a782aa4a8bf5b48aa7164c3, type: 2}
  m_Color: {r: 1, g: 1, b: 1, a: 1}
  m_RaycastTarget: 1
  m_OnCullStateChanged:
    m_PersistentCalls:
      m_Calls: []
  m_Sprite: {fileID: 3935411661845737612, guid: 85a81c4b4568f974ab522cf44660fcdb,
    type: 3}
  m_Type: 0
  m_PreserveAspect: 1
  m_FillCenter: 1
  m_FillMethod: 4
  m_FillAmount: 1
  m_FillClockwise: 1
  m_FillOrigin: 0
  m_UseSpriteMesh: 0
  m_PixelsPerUnitMultiplier: 1
--- !u!1 &6037867348124309444
GameObject:
  m_ObjectHideFlags: 0
  m_CorrespondingSourceObject: {fileID: 0}
  m_PrefabInstance: {fileID: 0}
  m_PrefabAsset: {fileID: 0}
  serializedVersion: 6
  m_Component:
  - component: {fileID: 6037867348124309445}
  - component: {fileID: 6037867348124309467}
  - component: {fileID: 6037867348124309466}
  m_Layer: 5
  m_Name: BG_Panel_02
  m_TagString: Untagged
  m_Icon: {fileID: 0}
  m_NavMeshLayer: 0
  m_StaticEditorFlags: 0
  m_IsActive: 1
--- !u!224 &6037867348124309445
RectTransform:
  m_ObjectHideFlags: 0
  m_CorrespondingSourceObject: {fileID: 0}
  m_PrefabInstance: {fileID: 0}
  m_PrefabAsset: {fileID: 0}
  m_GameObject: {fileID: 6037867348124309444}
  m_LocalRotation: {x: 0, y: 0, z: 0, w: 1}
  m_LocalPosition: {x: 0, y: 0, z: 0}
  m_LocalScale: {x: 1, y: 1, z: 1}
  m_Children:
  - {fileID: 2678294093467371558}
  - {fileID: 7874489255429530827}
  - {fileID: 7874489256115342142}
  - {fileID: 6210862542320341285}
  - {fileID: 68786008661455070}
  - {fileID: 8435256884884546283}
  - {fileID: 6037867348043152322}
  - {fileID: 4123396604101227367}
  m_Father: {fileID: 6037867346526357964}
  m_RootOrder: 1
  m_LocalEulerAnglesHint: {x: 0, y: 0, z: 0}
  m_AnchorMin: {x: 0, y: 0}
  m_AnchorMax: {x: 1, y: 0}
  m_AnchoredPosition: {x: 0, y: 0}
  m_SizeDelta: {x: 0, y: 1728}
  m_Pivot: {x: 0.5, y: 0}
--- !u!222 &6037867348124309467
CanvasRenderer:
  m_ObjectHideFlags: 0
  m_CorrespondingSourceObject: {fileID: 0}
  m_PrefabInstance: {fileID: 0}
  m_PrefabAsset: {fileID: 0}
  m_GameObject: {fileID: 6037867348124309444}
  m_CullTransparentMesh: 0
--- !u!114 &6037867348124309466
MonoBehaviour:
  m_ObjectHideFlags: 0
  m_CorrespondingSourceObject: {fileID: 0}
  m_PrefabInstance: {fileID: 0}
  m_PrefabAsset: {fileID: 0}
  m_GameObject: {fileID: 6037867348124309444}
  m_Enabled: 1
  m_EditorHideFlags: 0
  m_Script: {fileID: 11500000, guid: fe87c0e1cc204ed48ad3b37840f39efc, type: 3}
  m_Name: 
  m_EditorClassIdentifier: 
  m_Material: {fileID: 2100000, guid: 28dfdd34518f8574881266cc4d1421bf, type: 2}
  m_Color: {r: 1, g: 1, b: 1, a: 1}
  m_RaycastTarget: 1
  m_OnCullStateChanged:
    m_PersistentCalls:
      m_Calls: []
  m_Sprite: {fileID: -5988240668710048512, guid: 85a81c4b4568f974ab522cf44660fcdb,
    type: 3}
  m_Type: 1
  m_PreserveAspect: 0
  m_FillCenter: 1
  m_FillMethod: 4
  m_FillAmount: 1
  m_FillClockwise: 1
  m_FillOrigin: 0
  m_UseSpriteMesh: 0
  m_PixelsPerUnitMultiplier: 1
--- !u!1001 &2482282894614789374
PrefabInstance:
  m_ObjectHideFlags: 0
  serializedVersion: 2
  m_Modification:
    m_TransformParent: {fileID: 6037867348124309445}
    m_Modifications:
    - target: {fileID: 1966921269908311960, guid: 03111a01c068ffc4587415c0a5b43ad8,
        type: 3}
      propertyPath: m_FontData.m_Alignment
      value: 1
      objectReference: {fileID: 0}
    - target: {fileID: 1966921269908311960, guid: 03111a01c068ffc4587415c0a5b43ad8,
        type: 3}
      propertyPath: m_Material
      value: 
      objectReference: {fileID: 2100000, guid: d5bb09421bcf56d478a95e43ecbc7682, type: 2}
    - target: {fileID: 1966921269908311960, guid: 03111a01c068ffc4587415c0a5b43ad8,
        type: 3}
      propertyPath: m_Text
      value: 
      objectReference: {fileID: 0}
    - target: {fileID: 1966921269908311961, guid: 03111a01c068ffc4587415c0a5b43ad8,
        type: 3}
      propertyPath: m_LocalPosition.x
      value: 0
      objectReference: {fileID: 0}
    - target: {fileID: 1966921269908311961, guid: 03111a01c068ffc4587415c0a5b43ad8,
        type: 3}
      propertyPath: m_LocalPosition.y
      value: 0
      objectReference: {fileID: 0}
    - target: {fileID: 1966921269908311961, guid: 03111a01c068ffc4587415c0a5b43ad8,
        type: 3}
      propertyPath: m_LocalPosition.z
      value: 0
      objectReference: {fileID: 0}
    - target: {fileID: 1966921269908311961, guid: 03111a01c068ffc4587415c0a5b43ad8,
        type: 3}
      propertyPath: m_LocalRotation.x
      value: 0
      objectReference: {fileID: 0}
    - target: {fileID: 1966921269908311961, guid: 03111a01c068ffc4587415c0a5b43ad8,
        type: 3}
      propertyPath: m_LocalRotation.y
      value: 0
      objectReference: {fileID: 0}
    - target: {fileID: 1966921269908311961, guid: 03111a01c068ffc4587415c0a5b43ad8,
        type: 3}
      propertyPath: m_LocalRotation.z
      value: 0
      objectReference: {fileID: 0}
    - target: {fileID: 1966921269908311961, guid: 03111a01c068ffc4587415c0a5b43ad8,
        type: 3}
      propertyPath: m_LocalRotation.w
      value: 1
      objectReference: {fileID: 0}
    - target: {fileID: 1966921269908311961, guid: 03111a01c068ffc4587415c0a5b43ad8,
        type: 3}
      propertyPath: m_RootOrder
      value: 7
      objectReference: {fileID: 0}
    - target: {fileID: 1966921269908311961, guid: 03111a01c068ffc4587415c0a5b43ad8,
        type: 3}
      propertyPath: m_LocalEulerAnglesHint.x
      value: 0
      objectReference: {fileID: 0}
    - target: {fileID: 1966921269908311961, guid: 03111a01c068ffc4587415c0a5b43ad8,
        type: 3}
      propertyPath: m_LocalEulerAnglesHint.y
      value: 0
      objectReference: {fileID: 0}
    - target: {fileID: 1966921269908311961, guid: 03111a01c068ffc4587415c0a5b43ad8,
        type: 3}
      propertyPath: m_LocalEulerAnglesHint.z
      value: 0
      objectReference: {fileID: 0}
    - target: {fileID: 1966921269908311961, guid: 03111a01c068ffc4587415c0a5b43ad8,
        type: 3}
      propertyPath: m_AnchoredPosition.x
      value: 0
      objectReference: {fileID: 0}
    - target: {fileID: 1966921269908311961, guid: 03111a01c068ffc4587415c0a5b43ad8,
        type: 3}
      propertyPath: m_AnchoredPosition.y
      value: 294
      objectReference: {fileID: 0}
    - target: {fileID: 1966921269908311961, guid: 03111a01c068ffc4587415c0a5b43ad8,
        type: 3}
      propertyPath: m_SizeDelta.x
      value: -120
      objectReference: {fileID: 0}
    - target: {fileID: 1966921269908311961, guid: 03111a01c068ffc4587415c0a5b43ad8,
        type: 3}
      propertyPath: m_SizeDelta.y
      value: 84.8
      objectReference: {fileID: 0}
    - target: {fileID: 1966921269908311961, guid: 03111a01c068ffc4587415c0a5b43ad8,
        type: 3}
      propertyPath: m_AnchorMin.x
      value: 0
      objectReference: {fileID: 0}
    - target: {fileID: 1966921269908311961, guid: 03111a01c068ffc4587415c0a5b43ad8,
        type: 3}
      propertyPath: m_AnchorMin.y
      value: 0
      objectReference: {fileID: 0}
    - target: {fileID: 1966921269908311961, guid: 03111a01c068ffc4587415c0a5b43ad8,
        type: 3}
      propertyPath: m_AnchorMax.x
      value: 1
      objectReference: {fileID: 0}
    - target: {fileID: 1966921269908311961, guid: 03111a01c068ffc4587415c0a5b43ad8,
        type: 3}
      propertyPath: m_AnchorMax.y
      value: 0
      objectReference: {fileID: 0}
    - target: {fileID: 1966921269908311961, guid: 03111a01c068ffc4587415c0a5b43ad8,
        type: 3}
      propertyPath: m_Pivot.x
      value: 0.5
      objectReference: {fileID: 0}
    - target: {fileID: 1966921269908311961, guid: 03111a01c068ffc4587415c0a5b43ad8,
        type: 3}
      propertyPath: m_Pivot.y
      value: 0
      objectReference: {fileID: 0}
    - target: {fileID: 1966921269908311962, guid: 03111a01c068ffc4587415c0a5b43ad8,
        type: 3}
      propertyPath: m_Name
      value: Sub_Text
      objectReference: {fileID: 0}
    m_RemovedComponents: []
  m_SourcePrefab: {fileID: 100100000, guid: 03111a01c068ffc4587415c0a5b43ad8, type: 3}
--- !u!224 &4123396604101227367 stripped
RectTransform:
  m_CorrespondingSourceObject: {fileID: 1966921269908311961, guid: 03111a01c068ffc4587415c0a5b43ad8,
    type: 3}
  m_PrefabInstance: {fileID: 2482282894614789374}
  m_PrefabAsset: {fileID: 0}
--- !u!1001 &4425931952930276481
PrefabInstance:
  m_ObjectHideFlags: 0
  serializedVersion: 2
  m_Modification:
    m_TransformParent: {fileID: 6037867348124309445}
    m_Modifications:
    - target: {fileID: 5223081385014847082, guid: af703358c87091c4682e9703e693ee70,
        type: 3}
      propertyPath: m_LocalPosition.x
      value: 0
      objectReference: {fileID: 0}
    - target: {fileID: 5223081385014847082, guid: af703358c87091c4682e9703e693ee70,
        type: 3}
      propertyPath: m_LocalPosition.y
      value: 0
      objectReference: {fileID: 0}
    - target: {fileID: 5223081385014847082, guid: af703358c87091c4682e9703e693ee70,
        type: 3}
      propertyPath: m_LocalPosition.z
      value: 0
      objectReference: {fileID: 0}
    - target: {fileID: 5223081385014847082, guid: af703358c87091c4682e9703e693ee70,
        type: 3}
      propertyPath: m_LocalRotation.x
      value: 0
      objectReference: {fileID: 0}
    - target: {fileID: 5223081385014847082, guid: af703358c87091c4682e9703e693ee70,
        type: 3}
      propertyPath: m_LocalRotation.y
      value: 0
      objectReference: {fileID: 0}
    - target: {fileID: 5223081385014847082, guid: af703358c87091c4682e9703e693ee70,
        type: 3}
      propertyPath: m_LocalRotation.z
      value: 0
      objectReference: {fileID: 0}
    - target: {fileID: 5223081385014847082, guid: af703358c87091c4682e9703e693ee70,
        type: 3}
      propertyPath: m_LocalRotation.w
      value: 1
      objectReference: {fileID: 0}
    - target: {fileID: 5223081385014847082, guid: af703358c87091c4682e9703e693ee70,
        type: 3}
      propertyPath: m_RootOrder
      value: 5
      objectReference: {fileID: 0}
    - target: {fileID: 5223081385014847082, guid: af703358c87091c4682e9703e693ee70,
        type: 3}
      propertyPath: m_LocalEulerAnglesHint.x
      value: 0
      objectReference: {fileID: 0}
    - target: {fileID: 5223081385014847082, guid: af703358c87091c4682e9703e693ee70,
        type: 3}
      propertyPath: m_LocalEulerAnglesHint.y
      value: 0
      objectReference: {fileID: 0}
    - target: {fileID: 5223081385014847082, guid: af703358c87091c4682e9703e693ee70,
        type: 3}
      propertyPath: m_LocalEulerAnglesHint.z
      value: 0
      objectReference: {fileID: 0}
    - target: {fileID: 5223081385014847082, guid: af703358c87091c4682e9703e693ee70,
        type: 3}
      propertyPath: m_AnchoredPosition.x
      value: 0
      objectReference: {fileID: 0}
    - target: {fileID: 5223081385014847082, guid: af703358c87091c4682e9703e693ee70,
        type: 3}
      propertyPath: m_AnchoredPosition.y
      value: 100
      objectReference: {fileID: 0}
    - target: {fileID: 5223081385014847082, guid: af703358c87091c4682e9703e693ee70,
        type: 3}
      propertyPath: m_SizeDelta.x
      value: 835.8
      objectReference: {fileID: 0}
    - target: {fileID: 5223081385014847082, guid: af703358c87091c4682e9703e693ee70,
        type: 3}
      propertyPath: m_SizeDelta.y
      value: 202
      objectReference: {fileID: 0}
    - target: {fileID: 5223081385014847082, guid: af703358c87091c4682e9703e693ee70,
        type: 3}
      propertyPath: m_AnchorMin.x
      value: 0.5
      objectReference: {fileID: 0}
    - target: {fileID: 5223081385014847082, guid: af703358c87091c4682e9703e693ee70,
        type: 3}
      propertyPath: m_AnchorMin.y
      value: 0
      objectReference: {fileID: 0}
    - target: {fileID: 5223081385014847082, guid: af703358c87091c4682e9703e693ee70,
        type: 3}
      propertyPath: m_AnchorMax.x
      value: 0.5
      objectReference: {fileID: 0}
    - target: {fileID: 5223081385014847082, guid: af703358c87091c4682e9703e693ee70,
        type: 3}
      propertyPath: m_AnchorMax.y
      value: 0
      objectReference: {fileID: 0}
    - target: {fileID: 5223081385014847082, guid: af703358c87091c4682e9703e693ee70,
        type: 3}
      propertyPath: m_Pivot.x
      value: 0.5
      objectReference: {fileID: 0}
    - target: {fileID: 5223081385014847082, guid: af703358c87091c4682e9703e693ee70,
        type: 3}
      propertyPath: m_Pivot.y
      value: 0
      objectReference: {fileID: 0}
    - target: {fileID: 5223081385014847083, guid: af703358c87091c4682e9703e693ee70,
        type: 3}
      propertyPath: m_Name
      value: Login_Btn
      objectReference: {fileID: 0}
    - target: {fileID: 5223081385014847125, guid: af703358c87091c4682e9703e693ee70,
        type: 3}
      propertyPath: m_OnClick.m_PersistentCalls.m_Calls.Array.size
      value: 0
      objectReference: {fileID: 0}
    - target: {fileID: 5223081385014847125, guid: af703358c87091c4682e9703e693ee70,
        type: 3}
      propertyPath: m_OnClick.m_PersistentCalls.m_Calls.Array.data[0].m_Target
      value: 
      objectReference: {fileID: 1826779844, guid: ef36ad97484b80e4da29050234a8e9f5,
        type: 3}
    - target: {fileID: 5223081385014847125, guid: af703358c87091c4682e9703e693ee70,
        type: 3}
      propertyPath: m_OnClick.m_PersistentCalls.m_Calls.Array.data[0].m_MethodName
      value: LoginButtonPress
      objectReference: {fileID: 0}
    - target: {fileID: 5223081385014847125, guid: af703358c87091c4682e9703e693ee70,
        type: 3}
      propertyPath: m_OnClick.m_PersistentCalls.m_Calls.Array.data[0].m_Mode
      value: 1
      objectReference: {fileID: 0}
    - target: {fileID: 5223081385014847125, guid: af703358c87091c4682e9703e693ee70,
        type: 3}
      propertyPath: m_OnClick.m_PersistentCalls.m_Calls.Array.data[0].m_Arguments.m_ObjectArgumentAssemblyTypeName
      value: UnityEngine.Object, UnityEngine
      objectReference: {fileID: 0}
    - target: {fileID: 5223081385014847125, guid: af703358c87091c4682e9703e693ee70,
        type: 3}
      propertyPath: m_OnClick.m_PersistentCalls.m_Calls.Array.data[0].m_CallState
      value: 2
      objectReference: {fileID: 0}
    - target: {fileID: 5223081385233780458, guid: af703358c87091c4682e9703e693ee70,
        type: 3}
      propertyPath: m_Text
      value: Login
      objectReference: {fileID: 0}
    - target: {fileID: 5223081385233780459, guid: af703358c87091c4682e9703e693ee70,
        type: 3}
      propertyPath: m_AnchoredPosition.y
      value: 19.9
      objectReference: {fileID: 0}
    - target: {fileID: 5223081385233780459, guid: af703358c87091c4682e9703e693ee70,
        type: 3}
      propertyPath: m_SizeDelta.y
      value: -57.9
      objectReference: {fileID: 0}
    m_RemovedComponents: []
  m_SourcePrefab: {fileID: 100100000, guid: af703358c87091c4682e9703e693ee70, type: 3}
--- !u!224 &8435256884884546283 stripped
RectTransform:
  m_CorrespondingSourceObject: {fileID: 5223081385014847082, guid: af703358c87091c4682e9703e693ee70,
    type: 3}
  m_PrefabInstance: {fileID: 4425931952930276481}
  m_PrefabAsset: {fileID: 0}
--- !u!1001 &6037867346575722509
PrefabInstance:
  m_ObjectHideFlags: 0
  serializedVersion: 2
  m_Modification:
    m_TransformParent: {fileID: 6037867347145951397}
    m_Modifications:
    - target: {fileID: 3290028849382416344, guid: 5f94be299748d424982bd195391d6298,
        type: 3}
      propertyPath: m_LocalPosition.x
      value: 0
      objectReference: {fileID: 0}
    - target: {fileID: 3290028849382416344, guid: 5f94be299748d424982bd195391d6298,
        type: 3}
      propertyPath: m_LocalPosition.y
      value: 0
      objectReference: {fileID: 0}
    - target: {fileID: 3290028849382416344, guid: 5f94be299748d424982bd195391d6298,
        type: 3}
      propertyPath: m_LocalPosition.z
      value: 0
      objectReference: {fileID: 0}
    - target: {fileID: 3290028849382416344, guid: 5f94be299748d424982bd195391d6298,
        type: 3}
      propertyPath: m_LocalRotation.x
      value: 0
      objectReference: {fileID: 0}
    - target: {fileID: 3290028849382416344, guid: 5f94be299748d424982bd195391d6298,
        type: 3}
      propertyPath: m_LocalRotation.y
      value: 0
      objectReference: {fileID: 0}
    - target: {fileID: 3290028849382416344, guid: 5f94be299748d424982bd195391d6298,
        type: 3}
      propertyPath: m_LocalRotation.z
      value: 0
      objectReference: {fileID: 0}
    - target: {fileID: 3290028849382416344, guid: 5f94be299748d424982bd195391d6298,
        type: 3}
      propertyPath: m_LocalRotation.w
      value: 1
      objectReference: {fileID: 0}
    - target: {fileID: 3290028849382416344, guid: 5f94be299748d424982bd195391d6298,
        type: 3}
      propertyPath: m_RootOrder
      value: 0
      objectReference: {fileID: 0}
    - target: {fileID: 3290028849382416344, guid: 5f94be299748d424982bd195391d6298,
        type: 3}
      propertyPath: m_LocalEulerAnglesHint.x
      value: 0
      objectReference: {fileID: 0}
    - target: {fileID: 3290028849382416344, guid: 5f94be299748d424982bd195391d6298,
        type: 3}
      propertyPath: m_LocalEulerAnglesHint.y
      value: 0
      objectReference: {fileID: 0}
    - target: {fileID: 3290028849382416344, guid: 5f94be299748d424982bd195391d6298,
        type: 3}
      propertyPath: m_LocalEulerAnglesHint.z
      value: 0
      objectReference: {fileID: 0}
    - target: {fileID: 3290028849382416344, guid: 5f94be299748d424982bd195391d6298,
        type: 3}
      propertyPath: m_AnchoredPosition.x
      value: 60
      objectReference: {fileID: 0}
    - target: {fileID: 3290028849382416344, guid: 5f94be299748d424982bd195391d6298,
        type: 3}
      propertyPath: m_AnchoredPosition.y
      value: -70
      objectReference: {fileID: 0}
    - target: {fileID: 3290028849382416344, guid: 5f94be299748d424982bd195391d6298,
        type: 3}
      propertyPath: m_SizeDelta.x
      value: 68
      objectReference: {fileID: 0}
    - target: {fileID: 3290028849382416344, guid: 5f94be299748d424982bd195391d6298,
        type: 3}
      propertyPath: m_SizeDelta.y
      value: 68
      objectReference: {fileID: 0}
    - target: {fileID: 3290028849382416344, guid: 5f94be299748d424982bd195391d6298,
        type: 3}
      propertyPath: m_AnchorMin.x
      value: 0
      objectReference: {fileID: 0}
    - target: {fileID: 3290028849382416344, guid: 5f94be299748d424982bd195391d6298,
        type: 3}
      propertyPath: m_AnchorMin.y
      value: 1
      objectReference: {fileID: 0}
    - target: {fileID: 3290028849382416344, guid: 5f94be299748d424982bd195391d6298,
        type: 3}
      propertyPath: m_AnchorMax.x
      value: 0
      objectReference: {fileID: 0}
    - target: {fileID: 3290028849382416344, guid: 5f94be299748d424982bd195391d6298,
        type: 3}
      propertyPath: m_AnchorMax.y
      value: 1
      objectReference: {fileID: 0}
    - target: {fileID: 3290028849382416344, guid: 5f94be299748d424982bd195391d6298,
        type: 3}
      propertyPath: m_Pivot.x
      value: 0
      objectReference: {fileID: 0}
    - target: {fileID: 3290028849382416344, guid: 5f94be299748d424982bd195391d6298,
        type: 3}
      propertyPath: m_Pivot.y
      value: 1
      objectReference: {fileID: 0}
    - target: {fileID: 3290028849382416345, guid: 5f94be299748d424982bd195391d6298,
        type: 3}
      propertyPath: m_Name
      value: Round_Btn
      objectReference: {fileID: 0}
    - target: {fileID: 3290028849382416351, guid: 5f94be299748d424982bd195391d6298,
        type: 3}
      propertyPath: m_OnClick.m_PersistentCalls.m_Calls.Array.size
      value: 1
      objectReference: {fileID: 0}
    - target: {fileID: 3290028849382416351, guid: 5f94be299748d424982bd195391d6298,
        type: 3}
      propertyPath: m_OnClick.m_PersistentCalls.m_Calls.Array.data[0].m_Mode
      value: 1
      objectReference: {fileID: 0}
    - target: {fileID: 3290028849382416351, guid: 5f94be299748d424982bd195391d6298,
        type: 3}
      propertyPath: m_OnClick.m_PersistentCalls.m_Calls.Array.data[0].m_CallState
      value: 2
      objectReference: {fileID: 0}
    - target: {fileID: 3290028849382416351, guid: 5f94be299748d424982bd195391d6298,
        type: 3}
      propertyPath: m_OnClick.m_PersistentCalls.m_Calls.Array.data[0].m_Target
      value: 
      objectReference: {fileID: 0}
    - target: {fileID: 3290028849382416351, guid: 5f94be299748d424982bd195391d6298,
        type: 3}
      propertyPath: m_OnClick.m_PersistentCalls.m_Calls.Array.data[0].m_MethodName
      value: 
      objectReference: {fileID: 0}
    - target: {fileID: 3290028849382416351, guid: 5f94be299748d424982bd195391d6298,
        type: 3}
      propertyPath: m_OnClick.m_PersistentCalls.m_Calls.Array.data[0].m_Arguments.m_ObjectArgumentAssemblyTypeName
      value: 
      objectReference: {fileID: 0}
    m_RemovedComponents: []
  m_SourcePrefab: {fileID: 100100000, guid: 5f94be299748d424982bd195391d6298, type: 3}
--- !u!224 &9106937682107979733 stripped
RectTransform:
  m_CorrespondingSourceObject: {fileID: 3290028849382416344, guid: 5f94be299748d424982bd195391d6298,
    type: 3}
  m_PrefabInstance: {fileID: 6037867346575722509}
  m_PrefabAsset: {fileID: 0}
--- !u!1001 &6037867347121902803
PrefabInstance:
  m_ObjectHideFlags: 0
  serializedVersion: 2
  m_Modification:
    m_TransformParent: {fileID: 6037867348124309445}
    m_Modifications:
    - target: {fileID: 431143591034650836, guid: 6153a642cf9af344eba4cdeef099a2d7,
        type: 3}
      propertyPath: m_FontData.m_Alignment
      value: 5
      objectReference: {fileID: 0}
    - target: {fileID: 431143591034650836, guid: 6153a642cf9af344eba4cdeef099a2d7,
        type: 3}
      propertyPath: m_Text
      value: forgot password ?
      objectReference: {fileID: 0}
    - target: {fileID: 431143591034650836, guid: 6153a642cf9af344eba4cdeef099a2d7,
        type: 3}
      propertyPath: m_FontData.m_FontSize
      value: 30
      objectReference: {fileID: 0}
    - target: {fileID: 431143591034650837, guid: 6153a642cf9af344eba4cdeef099a2d7,
        type: 3}
      propertyPath: m_AnchoredPosition.x
      value: -64.9
      objectReference: {fileID: 0}
    - target: {fileID: 431143591034650837, guid: 6153a642cf9af344eba4cdeef099a2d7,
        type: 3}
      propertyPath: m_SizeDelta.x
      value: 112.8
      objectReference: {fileID: 0}
    - target: {fileID: 431143591422264820, guid: 6153a642cf9af344eba4cdeef099a2d7,
        type: 3}
      propertyPath: m_Material
      value: 
      objectReference: {fileID: 2100000, guid: 28dfdd34518f8574881266cc4d1421bf, type: 2}
    - target: {fileID: 431143591422264821, guid: 6153a642cf9af344eba4cdeef099a2d7,
        type: 3}
      propertyPath: m_OnClick.m_PersistentCalls.m_Calls.Array.size
      value: 0
      objectReference: {fileID: 0}
    - target: {fileID: 431143591422264821, guid: 6153a642cf9af344eba4cdeef099a2d7,
        type: 3}
      propertyPath: m_OnClick.m_PersistentCalls.m_Calls.Array.data[0].m_Mode
      value: 1
      objectReference: {fileID: 0}
    - target: {fileID: 431143591422264821, guid: 6153a642cf9af344eba4cdeef099a2d7,
        type: 3}
      propertyPath: m_OnClick.m_PersistentCalls.m_Calls.Array.data[0].m_CallState
      value: 2
      objectReference: {fileID: 0}
    - target: {fileID: 431143591422264821, guid: 6153a642cf9af344eba4cdeef099a2d7,
        type: 3}
      propertyPath: m_OnClick.m_PersistentCalls.m_Calls.Array.data[0].m_Target
      value: 
      objectReference: {fileID: 0}
    - target: {fileID: 431143591422264821, guid: 6153a642cf9af344eba4cdeef099a2d7,
        type: 3}
      propertyPath: m_OnClick.m_PersistentCalls.m_Calls.Array.data[0].m_MethodName
      value: SwitchPanels
      objectReference: {fileID: 0}
    - target: {fileID: 431143591422264821, guid: 6153a642cf9af344eba4cdeef099a2d7,
        type: 3}
      propertyPath: m_OnClick.m_PersistentCalls.m_Calls.Array.data[0].m_Arguments.m_ObjectArgumentAssemblyTypeName
      value: UnityEngine.Object, UnityEngine
      objectReference: {fileID: 0}
    - target: {fileID: 431143591422264822, guid: 6153a642cf9af344eba4cdeef099a2d7,
        type: 3}
      propertyPath: m_LocalPosition.x
      value: 0
      objectReference: {fileID: 0}
    - target: {fileID: 431143591422264822, guid: 6153a642cf9af344eba4cdeef099a2d7,
        type: 3}
      propertyPath: m_LocalPosition.y
      value: 0
      objectReference: {fileID: 0}
    - target: {fileID: 431143591422264822, guid: 6153a642cf9af344eba4cdeef099a2d7,
        type: 3}
      propertyPath: m_LocalPosition.z
      value: 0
      objectReference: {fileID: 0}
    - target: {fileID: 431143591422264822, guid: 6153a642cf9af344eba4cdeef099a2d7,
        type: 3}
      propertyPath: m_LocalRotation.x
      value: -0
      objectReference: {fileID: 0}
    - target: {fileID: 431143591422264822, guid: 6153a642cf9af344eba4cdeef099a2d7,
        type: 3}
      propertyPath: m_LocalRotation.y
      value: -0
      objectReference: {fileID: 0}
    - target: {fileID: 431143591422264822, guid: 6153a642cf9af344eba4cdeef099a2d7,
        type: 3}
      propertyPath: m_LocalRotation.z
      value: -0
      objectReference: {fileID: 0}
    - target: {fileID: 431143591422264822, guid: 6153a642cf9af344eba4cdeef099a2d7,
        type: 3}
      propertyPath: m_LocalRotation.w
      value: 1
      objectReference: {fileID: 0}
    - target: {fileID: 431143591422264822, guid: 6153a642cf9af344eba4cdeef099a2d7,
        type: 3}
      propertyPath: m_RootOrder
      value: 3
      objectReference: {fileID: 0}
    - target: {fileID: 431143591422264822, guid: 6153a642cf9af344eba4cdeef099a2d7,
        type: 3}
      propertyPath: m_LocalEulerAnglesHint.x
      value: 0
      objectReference: {fileID: 0}
    - target: {fileID: 431143591422264822, guid: 6153a642cf9af344eba4cdeef099a2d7,
        type: 3}
      propertyPath: m_LocalEulerAnglesHint.y
      value: 0
      objectReference: {fileID: 0}
    - target: {fileID: 431143591422264822, guid: 6153a642cf9af344eba4cdeef099a2d7,
        type: 3}
      propertyPath: m_LocalEulerAnglesHint.z
      value: 0
      objectReference: {fileID: 0}
    - target: {fileID: 431143591422264822, guid: 6153a642cf9af344eba4cdeef099a2d7,
        type: 3}
      propertyPath: m_AnchoredPosition.x
      value: -52.03125
      objectReference: {fileID: 0}
    - target: {fileID: 431143591422264822, guid: 6153a642cf9af344eba4cdeef099a2d7,
        type: 3}
      propertyPath: m_AnchoredPosition.y
      value: -558
      objectReference: {fileID: 0}
    - target: {fileID: 431143591422264822, guid: 6153a642cf9af344eba4cdeef099a2d7,
        type: 3}
      propertyPath: m_SizeDelta.x
      value: 236.87
      objectReference: {fileID: 0}
    - target: {fileID: 431143591422264822, guid: 6153a642cf9af344eba4cdeef099a2d7,
        type: 3}
      propertyPath: m_SizeDelta.y
      value: 56.3
      objectReference: {fileID: 0}
    - target: {fileID: 431143591422264822, guid: 6153a642cf9af344eba4cdeef099a2d7,
        type: 3}
      propertyPath: m_AnchorMin.x
      value: 1
      objectReference: {fileID: 0}
    - target: {fileID: 431143591422264822, guid: 6153a642cf9af344eba4cdeef099a2d7,
        type: 3}
      propertyPath: m_AnchorMin.y
      value: 1
      objectReference: {fileID: 0}
    - target: {fileID: 431143591422264822, guid: 6153a642cf9af344eba4cdeef099a2d7,
        type: 3}
      propertyPath: m_AnchorMax.x
      value: 1
      objectReference: {fileID: 0}
    - target: {fileID: 431143591422264822, guid: 6153a642cf9af344eba4cdeef099a2d7,
        type: 3}
      propertyPath: m_AnchorMax.y
      value: 1
      objectReference: {fileID: 0}
    - target: {fileID: 431143591422264822, guid: 6153a642cf9af344eba4cdeef099a2d7,
        type: 3}
      propertyPath: m_Pivot.x
      value: 1
      objectReference: {fileID: 0}
    - target: {fileID: 431143591422264822, guid: 6153a642cf9af344eba4cdeef099a2d7,
        type: 3}
      propertyPath: m_Pivot.y
      value: 1
      objectReference: {fileID: 0}
    - target: {fileID: 431143591422264823, guid: 6153a642cf9af344eba4cdeef099a2d7,
        type: 3}
      propertyPath: m_Name
      value: ForgotPass_Btn (1)
      objectReference: {fileID: 0}
    m_RemovedComponents: []
  m_SourcePrefab: {fileID: 100100000, guid: 6153a642cf9af344eba4cdeef099a2d7, type: 3}
--- !u!224 &6210862542320341285 stripped
RectTransform:
  m_CorrespondingSourceObject: {fileID: 431143591422264822, guid: 6153a642cf9af344eba4cdeef099a2d7,
    type: 3}
  m_PrefabInstance: {fileID: 6037867347121902803}
  m_PrefabAsset: {fileID: 0}
--- !u!1001 &6037867347339403302
PrefabInstance:
  m_ObjectHideFlags: 0
  serializedVersion: 2
  m_Modification:
    m_TransformParent: {fileID: 6037867348124309445}
    m_Modifications:
    - target: {fileID: 4507291912215561452, guid: 94973e5b2342da64db3c8a6b22320afd,
        type: 3}
      propertyPath: m_Name
      value: Emal_InputField (1)
      objectReference: {fileID: 0}
    - target: {fileID: 4507291912215561453, guid: 94973e5b2342da64db3c8a6b22320afd,
        type: 3}
      propertyPath: m_LocalPosition.x
      value: 0
      objectReference: {fileID: 0}
    - target: {fileID: 4507291912215561453, guid: 94973e5b2342da64db3c8a6b22320afd,
        type: 3}
      propertyPath: m_LocalPosition.y
      value: 0
      objectReference: {fileID: 0}
    - target: {fileID: 4507291912215561453, guid: 94973e5b2342da64db3c8a6b22320afd,
        type: 3}
      propertyPath: m_LocalPosition.z
      value: 0
      objectReference: {fileID: 0}
    - target: {fileID: 4507291912215561453, guid: 94973e5b2342da64db3c8a6b22320afd,
        type: 3}
      propertyPath: m_LocalRotation.x
      value: -0
      objectReference: {fileID: 0}
    - target: {fileID: 4507291912215561453, guid: 94973e5b2342da64db3c8a6b22320afd,
        type: 3}
      propertyPath: m_LocalRotation.y
      value: -0
      objectReference: {fileID: 0}
    - target: {fileID: 4507291912215561453, guid: 94973e5b2342da64db3c8a6b22320afd,
        type: 3}
      propertyPath: m_LocalRotation.z
      value: -0
      objectReference: {fileID: 0}
    - target: {fileID: 4507291912215561453, guid: 94973e5b2342da64db3c8a6b22320afd,
        type: 3}
      propertyPath: m_LocalRotation.w
      value: 1
      objectReference: {fileID: 0}
    - target: {fileID: 4507291912215561453, guid: 94973e5b2342da64db3c8a6b22320afd,
        type: 3}
      propertyPath: m_RootOrder
      value: 1
      objectReference: {fileID: 0}
    - target: {fileID: 4507291912215561453, guid: 94973e5b2342da64db3c8a6b22320afd,
        type: 3}
      propertyPath: m_LocalEulerAnglesHint.x
      value: 0
      objectReference: {fileID: 0}
    - target: {fileID: 4507291912215561453, guid: 94973e5b2342da64db3c8a6b22320afd,
        type: 3}
      propertyPath: m_LocalEulerAnglesHint.y
      value: 0
      objectReference: {fileID: 0}
    - target: {fileID: 4507291912215561453, guid: 94973e5b2342da64db3c8a6b22320afd,
        type: 3}
      propertyPath: m_LocalEulerAnglesHint.z
      value: 0
      objectReference: {fileID: 0}
    - target: {fileID: 4507291912215561453, guid: 94973e5b2342da64db3c8a6b22320afd,
        type: 3}
      propertyPath: m_AnchoredPosition.x
      value: 60
      objectReference: {fileID: 0}
    - target: {fileID: 4507291912215561453, guid: 94973e5b2342da64db3c8a6b22320afd,
        type: 3}
      propertyPath: m_AnchoredPosition.y
      value: -238
      objectReference: {fileID: 0}
    - target: {fileID: 4507291912215561453, guid: 94973e5b2342da64db3c8a6b22320afd,
        type: 3}
      propertyPath: m_SizeDelta.x
      value: -120
      objectReference: {fileID: 0}
    - target: {fileID: 4507291912215561453, guid: 94973e5b2342da64db3c8a6b22320afd,
        type: 3}
      propertyPath: m_SizeDelta.y
      value: 100
      objectReference: {fileID: 0}
    - target: {fileID: 4507291912215561453, guid: 94973e5b2342da64db3c8a6b22320afd,
        type: 3}
      propertyPath: m_AnchorMin.x
      value: 0
      objectReference: {fileID: 0}
    - target: {fileID: 4507291912215561453, guid: 94973e5b2342da64db3c8a6b22320afd,
        type: 3}
      propertyPath: m_AnchorMin.y
      value: 1
      objectReference: {fileID: 0}
    - target: {fileID: 4507291912215561453, guid: 94973e5b2342da64db3c8a6b22320afd,
        type: 3}
      propertyPath: m_AnchorMax.x
      value: 1
      objectReference: {fileID: 0}
    - target: {fileID: 4507291912215561453, guid: 94973e5b2342da64db3c8a6b22320afd,
        type: 3}
      propertyPath: m_AnchorMax.y
      value: 1
      objectReference: {fileID: 0}
    - target: {fileID: 4507291912215561453, guid: 94973e5b2342da64db3c8a6b22320afd,
        type: 3}
      propertyPath: m_Pivot.x
      value: 0
      objectReference: {fileID: 0}
    - target: {fileID: 4507291912215561453, guid: 94973e5b2342da64db3c8a6b22320afd,
        type: 3}
      propertyPath: m_Pivot.y
      value: 1
      objectReference: {fileID: 0}
    - target: {fileID: 4507291912215561454, guid: 94973e5b2342da64db3c8a6b22320afd,
        type: 3}
      propertyPath: m_OnValueChanged.m_PersistentCalls.m_Calls.Array.size
      value: 0
      objectReference: {fileID: 0}
    - target: {fileID: 4507291912215561454, guid: 94973e5b2342da64db3c8a6b22320afd,
        type: 3}
      propertyPath: m_OnValueChanged.m_PersistentCalls.m_Calls.Array.data[0].m_Target
      value: 
      objectReference: {fileID: 1826779844, guid: ef36ad97484b80e4da29050234a8e9f5,
        type: 3}
    - target: {fileID: 4507291912215561454, guid: 94973e5b2342da64db3c8a6b22320afd,
        type: 3}
      propertyPath: m_OnValueChanged.m_PersistentCalls.m_Calls.Array.data[0].m_MethodName
      value: validateEmail
      objectReference: {fileID: 0}
    - target: {fileID: 4507291912215561454, guid: 94973e5b2342da64db3c8a6b22320afd,
        type: 3}
      propertyPath: m_OnValueChanged.m_PersistentCalls.m_Calls.Array.data[0].m_Mode
      value: 2
      objectReference: {fileID: 0}
    - target: {fileID: 4507291912215561454, guid: 94973e5b2342da64db3c8a6b22320afd,
        type: 3}
      propertyPath: m_OnValueChanged.m_PersistentCalls.m_Calls.Array.data[0].m_Arguments.m_ObjectArgument
      value: 
      objectReference: {fileID: 7874489255429530824}
    - target: {fileID: 4507291912215561454, guid: 94973e5b2342da64db3c8a6b22320afd,
        type: 3}
      propertyPath: m_OnValueChanged.m_PersistentCalls.m_Calls.Array.data[0].m_Arguments.m_ObjectArgumentAssemblyTypeName
      value: UnityEngine.UI.InputField, UnityEngine.UI
      objectReference: {fileID: 0}
    - target: {fileID: 4507291912215561454, guid: 94973e5b2342da64db3c8a6b22320afd,
        type: 3}
      propertyPath: m_OnValueChanged.m_PersistentCalls.m_Calls.Array.data[0].m_CallState
      value: 2
      objectReference: {fileID: 0}
    - target: {fileID: 4507291912215561454, guid: 94973e5b2342da64db3c8a6b22320afd,
        type: 3}
      propertyPath: m_OnValueChanged.m_PersistentCalls.m_Calls.Array.data[1].m_Target
      value: 
      objectReference: {fileID: 1826779844, guid: ef36ad97484b80e4da29050234a8e9f5,
        type: 3}
    - target: {fileID: 4507291912215561454, guid: 94973e5b2342da64db3c8a6b22320afd,
        type: 3}
      propertyPath: m_OnValueChanged.m_PersistentCalls.m_Calls.Array.data[1].m_MethodName
      value: CheckLoginButtonInteractivity
      objectReference: {fileID: 0}
    - target: {fileID: 4507291912215561454, guid: 94973e5b2342da64db3c8a6b22320afd,
        type: 3}
      propertyPath: m_OnValueChanged.m_PersistentCalls.m_Calls.Array.data[1].m_Mode
      value: 1
      objectReference: {fileID: 0}
    - target: {fileID: 4507291912215561454, guid: 94973e5b2342da64db3c8a6b22320afd,
        type: 3}
      propertyPath: m_OnValueChanged.m_PersistentCalls.m_Calls.Array.data[1].m_Arguments.m_ObjectArgumentAssemblyTypeName
      value: UnityEngine.Object, UnityEngine
      objectReference: {fileID: 0}
    - target: {fileID: 4507291912215561454, guid: 94973e5b2342da64db3c8a6b22320afd,
        type: 3}
      propertyPath: m_OnValueChanged.m_PersistentCalls.m_Calls.Array.data[1].m_CallState
      value: 2
      objectReference: {fileID: 0}
    - target: {fileID: 4507291912427728551, guid: 94973e5b2342da64db3c8a6b22320afd,
        type: 3}
      propertyPath: m_AnchoredPosition.x
      value: 17.601562
      objectReference: {fileID: 0}
    - target: {fileID: 4507291912872117178, guid: 94973e5b2342da64db3c8a6b22320afd,
        type: 3}
      propertyPath: m_IsActive
      value: 1
      objectReference: {fileID: 0}
    - target: {fileID: 4507291913599843180, guid: 94973e5b2342da64db3c8a6b22320afd,
        type: 3}
      propertyPath: m_AnchoredPosition.x
      value: 17.601562
      objectReference: {fileID: 0}
    m_RemovedComponents: []
  m_SourcePrefab: {fileID: 100100000, guid: 94973e5b2342da64db3c8a6b22320afd, type: 3}
--- !u!114 &7874489255429530824 stripped
MonoBehaviour:
  m_CorrespondingSourceObject: {fileID: 4507291912215561454, guid: 94973e5b2342da64db3c8a6b22320afd,
    type: 3}
  m_PrefabInstance: {fileID: 6037867347339403302}
  m_PrefabAsset: {fileID: 0}
  m_GameObject: {fileID: 0}
  m_Enabled: 1
  m_EditorHideFlags: 0
  m_Script: {fileID: 11500000, guid: d199490a83bb2b844b9695cbf13b01ef, type: 3}
  m_Name: 
  m_EditorClassIdentifier: 
--- !u!224 &7874489255429530827 stripped
RectTransform:
  m_CorrespondingSourceObject: {fileID: 4507291912215561453, guid: 94973e5b2342da64db3c8a6b22320afd,
    type: 3}
  m_PrefabInstance: {fileID: 6037867347339403302}
  m_PrefabAsset: {fileID: 0}
--- !u!1001 &6037867347382209089
PrefabInstance:
  m_ObjectHideFlags: 0
  serializedVersion: 2
  m_Modification:
    m_TransformParent: {fileID: 6037867348124309445}
    m_Modifications:
    - target: {fileID: 5998426222791430242, guid: 68df2840bea0b6f44ac047b3a60049a1,
        type: 3}
      propertyPath: m_SizeDelta.x
      value: -74.4
      objectReference: {fileID: 0}
    - target: {fileID: 5998426222791430242, guid: 68df2840bea0b6f44ac047b3a60049a1,
        type: 3}
      propertyPath: m_SizeDelta.y
      value: 0.93024
      objectReference: {fileID: 0}
    - target: {fileID: 5998426222791430243, guid: 68df2840bea0b6f44ac047b3a60049a1,
        type: 3}
      propertyPath: m_FontData.m_FontSize
      value: 30
      objectReference: {fileID: 0}
    - target: {fileID: 5998426222884682398, guid: 68df2840bea0b6f44ac047b3a60049a1,
        type: 3}
      propertyPath: m_Name
      value: RememberMe_Toggle (1)
      objectReference: {fileID: 0}
    - target: {fileID: 5998426222884682399, guid: 68df2840bea0b6f44ac047b3a60049a1,
        type: 3}
      propertyPath: m_LocalPosition.x
      value: 0
      objectReference: {fileID: 0}
    - target: {fileID: 5998426222884682399, guid: 68df2840bea0b6f44ac047b3a60049a1,
        type: 3}
      propertyPath: m_LocalPosition.y
      value: 0
      objectReference: {fileID: 0}
    - target: {fileID: 5998426222884682399, guid: 68df2840bea0b6f44ac047b3a60049a1,
        type: 3}
      propertyPath: m_LocalPosition.z
      value: 0
      objectReference: {fileID: 0}
    - target: {fileID: 5998426222884682399, guid: 68df2840bea0b6f44ac047b3a60049a1,
        type: 3}
      propertyPath: m_LocalRotation.x
      value: -0
      objectReference: {fileID: 0}
    - target: {fileID: 5998426222884682399, guid: 68df2840bea0b6f44ac047b3a60049a1,
        type: 3}
      propertyPath: m_LocalRotation.y
      value: -0
      objectReference: {fileID: 0}
    - target: {fileID: 5998426222884682399, guid: 68df2840bea0b6f44ac047b3a60049a1,
        type: 3}
      propertyPath: m_LocalRotation.z
      value: -0
      objectReference: {fileID: 0}
    - target: {fileID: 5998426222884682399, guid: 68df2840bea0b6f44ac047b3a60049a1,
        type: 3}
      propertyPath: m_LocalRotation.w
      value: 1
      objectReference: {fileID: 0}
    - target: {fileID: 5998426222884682399, guid: 68df2840bea0b6f44ac047b3a60049a1,
        type: 3}
      propertyPath: m_RootOrder
      value: 4
      objectReference: {fileID: 0}
    - target: {fileID: 5998426222884682399, guid: 68df2840bea0b6f44ac047b3a60049a1,
        type: 3}
      propertyPath: m_LocalEulerAnglesHint.x
      value: 0
      objectReference: {fileID: 0}
    - target: {fileID: 5998426222884682399, guid: 68df2840bea0b6f44ac047b3a60049a1,
        type: 3}
      propertyPath: m_LocalEulerAnglesHint.y
      value: 0
      objectReference: {fileID: 0}
    - target: {fileID: 5998426222884682399, guid: 68df2840bea0b6f44ac047b3a60049a1,
        type: 3}
      propertyPath: m_LocalEulerAnglesHint.z
      value: 0
      objectReference: {fileID: 0}
    - target: {fileID: 5998426222884682399, guid: 68df2840bea0b6f44ac047b3a60049a1,
        type: 3}
      propertyPath: m_AnchoredPosition.x
      value: 60
      objectReference: {fileID: 0}
    - target: {fileID: 5998426222884682399, guid: 68df2840bea0b6f44ac047b3a60049a1,
        type: 3}
      propertyPath: m_AnchoredPosition.y
      value: -558
      objectReference: {fileID: 0}
    - target: {fileID: 5998426222884682399, guid: 68df2840bea0b6f44ac047b3a60049a1,
        type: 3}
      propertyPath: m_SizeDelta.x
      value: 333
      objectReference: {fileID: 0}
    - target: {fileID: 5998426222884682399, guid: 68df2840bea0b6f44ac047b3a60049a1,
        type: 3}
      propertyPath: m_SizeDelta.y
      value: 56.81
      objectReference: {fileID: 0}
    - target: {fileID: 5998426222884682399, guid: 68df2840bea0b6f44ac047b3a60049a1,
        type: 3}
      propertyPath: m_AnchorMin.x
      value: 0
      objectReference: {fileID: 0}
    - target: {fileID: 5998426222884682399, guid: 68df2840bea0b6f44ac047b3a60049a1,
        type: 3}
      propertyPath: m_AnchorMin.y
      value: 1
      objectReference: {fileID: 0}
    - target: {fileID: 5998426222884682399, guid: 68df2840bea0b6f44ac047b3a60049a1,
        type: 3}
      propertyPath: m_AnchorMax.x
      value: 0
      objectReference: {fileID: 0}
    - target: {fileID: 5998426222884682399, guid: 68df2840bea0b6f44ac047b3a60049a1,
        type: 3}
      propertyPath: m_AnchorMax.y
      value: 1
      objectReference: {fileID: 0}
    - target: {fileID: 5998426222884682399, guid: 68df2840bea0b6f44ac047b3a60049a1,
        type: 3}
      propertyPath: m_Pivot.x
      value: 0
      objectReference: {fileID: 0}
    - target: {fileID: 5998426222884682399, guid: 68df2840bea0b6f44ac047b3a60049a1,
        type: 3}
      propertyPath: m_Pivot.y
      value: 1
      objectReference: {fileID: 0}
    m_RemovedComponents: []
  m_SourcePrefab: {fileID: 100100000, guid: 68df2840bea0b6f44ac047b3a60049a1, type: 3}
--- !u!224 &68786008661455070 stripped
RectTransform:
  m_CorrespondingSourceObject: {fileID: 5998426222884682399, guid: 68df2840bea0b6f44ac047b3a60049a1,
    type: 3}
  m_PrefabInstance: {fileID: 6037867347382209089}
  m_PrefabAsset: {fileID: 0}
--- !u!1001 &6037867347954927832
PrefabInstance:
  m_ObjectHideFlags: 0
  serializedVersion: 2
  m_Modification:
    m_TransformParent: {fileID: 6037867348124309445}
    m_Modifications:
    - target: {fileID: 8566380945294147837, guid: 5da54a390b5d4814ca0dcfa2978c27bf,
        type: 3}
      propertyPath: m_Name
      value: Main_Txt
      objectReference: {fileID: 0}
    - target: {fileID: 8566380945294147838, guid: 5da54a390b5d4814ca0dcfa2978c27bf,
        type: 3}
      propertyPath: m_LocalPosition.x
      value: 0
      objectReference: {fileID: 0}
    - target: {fileID: 8566380945294147838, guid: 5da54a390b5d4814ca0dcfa2978c27bf,
        type: 3}
      propertyPath: m_LocalPosition.y
      value: 0
      objectReference: {fileID: 0}
    - target: {fileID: 8566380945294147838, guid: 5da54a390b5d4814ca0dcfa2978c27bf,
        type: 3}
      propertyPath: m_LocalPosition.z
      value: 0
      objectReference: {fileID: 0}
    - target: {fileID: 8566380945294147838, guid: 5da54a390b5d4814ca0dcfa2978c27bf,
        type: 3}
      propertyPath: m_LocalRotation.x
      value: 0
      objectReference: {fileID: 0}
    - target: {fileID: 8566380945294147838, guid: 5da54a390b5d4814ca0dcfa2978c27bf,
        type: 3}
      propertyPath: m_LocalRotation.y
      value: 0
      objectReference: {fileID: 0}
    - target: {fileID: 8566380945294147838, guid: 5da54a390b5d4814ca0dcfa2978c27bf,
        type: 3}
      propertyPath: m_LocalRotation.z
      value: 0
      objectReference: {fileID: 0}
    - target: {fileID: 8566380945294147838, guid: 5da54a390b5d4814ca0dcfa2978c27bf,
        type: 3}
      propertyPath: m_LocalRotation.w
      value: 1
      objectReference: {fileID: 0}
    - target: {fileID: 8566380945294147838, guid: 5da54a390b5d4814ca0dcfa2978c27bf,
        type: 3}
      propertyPath: m_RootOrder
      value: 0
      objectReference: {fileID: 0}
    - target: {fileID: 8566380945294147838, guid: 5da54a390b5d4814ca0dcfa2978c27bf,
        type: 3}
      propertyPath: m_LocalEulerAnglesHint.x
      value: 0
      objectReference: {fileID: 0}
    - target: {fileID: 8566380945294147838, guid: 5da54a390b5d4814ca0dcfa2978c27bf,
        type: 3}
      propertyPath: m_LocalEulerAnglesHint.y
      value: 0
      objectReference: {fileID: 0}
    - target: {fileID: 8566380945294147838, guid: 5da54a390b5d4814ca0dcfa2978c27bf,
        type: 3}
      propertyPath: m_LocalEulerAnglesHint.z
      value: 0
      objectReference: {fileID: 0}
    - target: {fileID: 8566380945294147838, guid: 5da54a390b5d4814ca0dcfa2978c27bf,
        type: 3}
      propertyPath: m_AnchoredPosition.x
      value: 60
      objectReference: {fileID: 0}
    - target: {fileID: 8566380945294147838, guid: 5da54a390b5d4814ca0dcfa2978c27bf,
        type: 3}
      propertyPath: m_AnchoredPosition.y
      value: -100
      objectReference: {fileID: 0}
    - target: {fileID: 8566380945294147838, guid: 5da54a390b5d4814ca0dcfa2978c27bf,
        type: 3}
      propertyPath: m_SizeDelta.x
      value: 434.2
      objectReference: {fileID: 0}
    - target: {fileID: 8566380945294147838, guid: 5da54a390b5d4814ca0dcfa2978c27bf,
        type: 3}
      propertyPath: m_SizeDelta.y
      value: 84.8
      objectReference: {fileID: 0}
    - target: {fileID: 8566380945294147838, guid: 5da54a390b5d4814ca0dcfa2978c27bf,
        type: 3}
      propertyPath: m_AnchorMin.x
      value: 0
      objectReference: {fileID: 0}
    - target: {fileID: 8566380945294147838, guid: 5da54a390b5d4814ca0dcfa2978c27bf,
        type: 3}
      propertyPath: m_AnchorMin.y
      value: 1
      objectReference: {fileID: 0}
    - target: {fileID: 8566380945294147838, guid: 5da54a390b5d4814ca0dcfa2978c27bf,
        type: 3}
      propertyPath: m_AnchorMax.x
      value: 0
      objectReference: {fileID: 0}
    - target: {fileID: 8566380945294147838, guid: 5da54a390b5d4814ca0dcfa2978c27bf,
        type: 3}
      propertyPath: m_AnchorMax.y
      value: 1
      objectReference: {fileID: 0}
    - target: {fileID: 8566380945294147838, guid: 5da54a390b5d4814ca0dcfa2978c27bf,
        type: 3}
      propertyPath: m_Pivot.x
      value: 0
      objectReference: {fileID: 0}
    - target: {fileID: 8566380945294147838, guid: 5da54a390b5d4814ca0dcfa2978c27bf,
        type: 3}
      propertyPath: m_Pivot.y
      value: 1
      objectReference: {fileID: 0}
    - target: {fileID: 8566380945294147839, guid: 5da54a390b5d4814ca0dcfa2978c27bf,
        type: 3}
      propertyPath: m_Text
      value: Login
      objectReference: {fileID: 0}
    m_RemovedComponents: []
  m_SourcePrefab: {fileID: 100100000, guid: 5da54a390b5d4814ca0dcfa2978c27bf, type: 3}
--- !u!224 &2678294093467371558 stripped
RectTransform:
  m_CorrespondingSourceObject: {fileID: 8566380945294147838, guid: 5da54a390b5d4814ca0dcfa2978c27bf,
    type: 3}
  m_PrefabInstance: {fileID: 6037867347954927832}
  m_PrefabAsset: {fileID: 0}
--- !u!1001 &6037867348243451859
PrefabInstance:
  m_ObjectHideFlags: 0
  serializedVersion: 2
  m_Modification:
    m_TransformParent: {fileID: 6037867348124309445}
    m_Modifications:
    - target: {fileID: 4507291912215561452, guid: 94973e5b2342da64db3c8a6b22320afd,
        type: 3}
      propertyPath: m_Name
      value: Password_InputField (1)
      objectReference: {fileID: 0}
    - target: {fileID: 4507291912215561453, guid: 94973e5b2342da64db3c8a6b22320afd,
        type: 3}
      propertyPath: m_LocalPosition.x
      value: 0
      objectReference: {fileID: 0}
    - target: {fileID: 4507291912215561453, guid: 94973e5b2342da64db3c8a6b22320afd,
        type: 3}
      propertyPath: m_LocalPosition.y
      value: 0
      objectReference: {fileID: 0}
    - target: {fileID: 4507291912215561453, guid: 94973e5b2342da64db3c8a6b22320afd,
        type: 3}
      propertyPath: m_LocalPosition.z
      value: 0
      objectReference: {fileID: 0}
    - target: {fileID: 4507291912215561453, guid: 94973e5b2342da64db3c8a6b22320afd,
        type: 3}
      propertyPath: m_LocalRotation.x
      value: -0
      objectReference: {fileID: 0}
    - target: {fileID: 4507291912215561453, guid: 94973e5b2342da64db3c8a6b22320afd,
        type: 3}
      propertyPath: m_LocalRotation.y
      value: -0
      objectReference: {fileID: 0}
    - target: {fileID: 4507291912215561453, guid: 94973e5b2342da64db3c8a6b22320afd,
        type: 3}
      propertyPath: m_LocalRotation.z
      value: -0
      objectReference: {fileID: 0}
    - target: {fileID: 4507291912215561453, guid: 94973e5b2342da64db3c8a6b22320afd,
        type: 3}
      propertyPath: m_LocalRotation.w
      value: 1
      objectReference: {fileID: 0}
    - target: {fileID: 4507291912215561453, guid: 94973e5b2342da64db3c8a6b22320afd,
        type: 3}
      propertyPath: m_RootOrder
      value: 2
      objectReference: {fileID: 0}
    - target: {fileID: 4507291912215561453, guid: 94973e5b2342da64db3c8a6b22320afd,
        type: 3}
      propertyPath: m_LocalEulerAnglesHint.x
      value: 0
      objectReference: {fileID: 0}
    - target: {fileID: 4507291912215561453, guid: 94973e5b2342da64db3c8a6b22320afd,
        type: 3}
      propertyPath: m_LocalEulerAnglesHint.y
      value: 0
      objectReference: {fileID: 0}
    - target: {fileID: 4507291912215561453, guid: 94973e5b2342da64db3c8a6b22320afd,
        type: 3}
      propertyPath: m_LocalEulerAnglesHint.z
      value: 0
      objectReference: {fileID: 0}
    - target: {fileID: 4507291912215561453, guid: 94973e5b2342da64db3c8a6b22320afd,
        type: 3}
      propertyPath: m_AnchoredPosition.x
      value: 60
      objectReference: {fileID: 0}
    - target: {fileID: 4507291912215561453, guid: 94973e5b2342da64db3c8a6b22320afd,
        type: 3}
      propertyPath: m_AnchoredPosition.y
      value: -398
      objectReference: {fileID: 0}
    - target: {fileID: 4507291912215561453, guid: 94973e5b2342da64db3c8a6b22320afd,
        type: 3}
      propertyPath: m_SizeDelta.x
      value: -120
      objectReference: {fileID: 0}
    - target: {fileID: 4507291912215561453, guid: 94973e5b2342da64db3c8a6b22320afd,
        type: 3}
      propertyPath: m_SizeDelta.y
      value: 100
      objectReference: {fileID: 0}
    - target: {fileID: 4507291912215561453, guid: 94973e5b2342da64db3c8a6b22320afd,
        type: 3}
      propertyPath: m_AnchorMin.x
      value: 0
      objectReference: {fileID: 0}
    - target: {fileID: 4507291912215561453, guid: 94973e5b2342da64db3c8a6b22320afd,
        type: 3}
      propertyPath: m_AnchorMin.y
      value: 1
      objectReference: {fileID: 0}
    - target: {fileID: 4507291912215561453, guid: 94973e5b2342da64db3c8a6b22320afd,
        type: 3}
      propertyPath: m_AnchorMax.x
      value: 1
      objectReference: {fileID: 0}
    - target: {fileID: 4507291912215561453, guid: 94973e5b2342da64db3c8a6b22320afd,
        type: 3}
      propertyPath: m_AnchorMax.y
      value: 1
      objectReference: {fileID: 0}
    - target: {fileID: 4507291912215561453, guid: 94973e5b2342da64db3c8a6b22320afd,
        type: 3}
      propertyPath: m_Pivot.x
      value: 0
      objectReference: {fileID: 0}
    - target: {fileID: 4507291912215561453, guid: 94973e5b2342da64db3c8a6b22320afd,
        type: 3}
      propertyPath: m_Pivot.y
      value: 1
      objectReference: {fileID: 0}
    - target: {fileID: 4507291912215561454, guid: 94973e5b2342da64db3c8a6b22320afd,
        type: 3}
      propertyPath: m_OnValueChanged.m_PersistentCalls.m_Calls.Array.size
      value: 0
      objectReference: {fileID: 0}
    - target: {fileID: 4507291912215561454, guid: 94973e5b2342da64db3c8a6b22320afd,
        type: 3}
      propertyPath: m_ContentType
      value: 7
      objectReference: {fileID: 0}
    - target: {fileID: 4507291912215561454, guid: 94973e5b2342da64db3c8a6b22320afd,
        type: 3}
      propertyPath: m_InputType
      value: 2
      objectReference: {fileID: 0}
    - target: {fileID: 4507291912215561454, guid: 94973e5b2342da64db3c8a6b22320afd,
        type: 3}
      propertyPath: m_KeyboardType
      value: 0
      objectReference: {fileID: 0}
    - target: {fileID: 4507291912215561454, guid: 94973e5b2342da64db3c8a6b22320afd,
        type: 3}
      propertyPath: m_CharacterValidation
      value: 0
      objectReference: {fileID: 0}
    - target: {fileID: 4507291912215561454, guid: 94973e5b2342da64db3c8a6b22320afd,
        type: 3}
      propertyPath: m_OnValueChanged.m_PersistentCalls.m_Calls.Array.data[0].m_Target
      value: 
      objectReference: {fileID: 1826779844, guid: ef36ad97484b80e4da29050234a8e9f5,
        type: 3}
    - target: {fileID: 4507291912215561454, guid: 94973e5b2342da64db3c8a6b22320afd,
        type: 3}
      propertyPath: m_OnValueChanged.m_PersistentCalls.m_Calls.Array.data[0].m_MethodName
      value: CheckLoginButtonInteractivity
      objectReference: {fileID: 0}
    - target: {fileID: 4507291912215561454, guid: 94973e5b2342da64db3c8a6b22320afd,
        type: 3}
      propertyPath: m_OnValueChanged.m_PersistentCalls.m_Calls.Array.data[0].m_Mode
      value: 1
      objectReference: {fileID: 0}
    - target: {fileID: 4507291912215561454, guid: 94973e5b2342da64db3c8a6b22320afd,
        type: 3}
      propertyPath: m_OnValueChanged.m_PersistentCalls.m_Calls.Array.data[0].m_Arguments.m_ObjectArgumentAssemblyTypeName
      value: UnityEngine.Object, UnityEngine
      objectReference: {fileID: 0}
    - target: {fileID: 4507291912215561454, guid: 94973e5b2342da64db3c8a6b22320afd,
        type: 3}
      propertyPath: m_OnValueChanged.m_PersistentCalls.m_Calls.Array.data[0].m_CallState
      value: 2
      objectReference: {fileID: 0}
    - target: {fileID: 4507291912427728544, guid: 94973e5b2342da64db3c8a6b22320afd,
        type: 3}
      propertyPath: m_Text
      value: Password
      objectReference: {fileID: 0}
    - target: {fileID: 4507291912427728551, guid: 94973e5b2342da64db3c8a6b22320afd,
        type: 3}
      propertyPath: m_AnchoredPosition.x
      value: 17.601562
      objectReference: {fileID: 0}
    - target: {fileID: 4507291912872117178, guid: 94973e5b2342da64db3c8a6b22320afd,
        type: 3}
      propertyPath: m_IsActive
      value: 1
      objectReference: {fileID: 0}
    - target: {fileID: 4507291913599843180, guid: 94973e5b2342da64db3c8a6b22320afd,
        type: 3}
      propertyPath: m_AnchoredPosition.x
      value: 17.601562
      objectReference: {fileID: 0}
    m_RemovedComponents: []
  m_SourcePrefab: {fileID: 100100000, guid: 94973e5b2342da64db3c8a6b22320afd, type: 3}
--- !u!224 &7874489256115342142 stripped
RectTransform:
  m_CorrespondingSourceObject: {fileID: 4507291912215561453, guid: 94973e5b2342da64db3c8a6b22320afd,
    type: 3}
  m_PrefabInstance: {fileID: 6037867348243451859}
  m_PrefabAsset: {fileID: 0}
--- !u!1001 &6575581442075538518
PrefabInstance:
  m_ObjectHideFlags: 0
  serializedVersion: 2
  m_Modification:
    m_TransformParent: {fileID: 6037867347145951397}
    m_Modifications:
    - target: {fileID: 431143591034650836, guid: 6153a642cf9af344eba4cdeef099a2d7,
        type: 3}
      propertyPath: m_Color.r
      value: 1
      objectReference: {fileID: 0}
    - target: {fileID: 431143591034650836, guid: 6153a642cf9af344eba4cdeef099a2d7,
        type: 3}
      propertyPath: m_Color.g
      value: 1
      objectReference: {fileID: 0}
    - target: {fileID: 431143591034650836, guid: 6153a642cf9af344eba4cdeef099a2d7,
        type: 3}
      propertyPath: m_Color.b
      value: 1
      objectReference: {fileID: 0}
    - target: {fileID: 431143591034650836, guid: 6153a642cf9af344eba4cdeef099a2d7,
        type: 3}
      propertyPath: m_Material
      value: 
      objectReference: {fileID: 2100000, guid: 1d731418e58fcba4c9fffd8a49edfa5a, type: 2}
    - target: {fileID: 431143591422264820, guid: 6153a642cf9af344eba4cdeef099a2d7,
        type: 3}
      propertyPath: m_Material
      value: 
      objectReference: {fileID: 2100000, guid: a4de9eede19f48a418f9c10cd44666fe, type: 2}
    - target: {fileID: 431143591422264821, guid: 6153a642cf9af344eba4cdeef099a2d7,
        type: 3}
      propertyPath: m_OnClick.m_PersistentCalls.m_Calls.Array.size
      value: 1
      objectReference: {fileID: 0}
    - target: {fileID: 431143591422264821, guid: 6153a642cf9af344eba4cdeef099a2d7,
        type: 3}
      propertyPath: m_TargetGraphic
      value: 
      objectReference: {fileID: 0}
    - target: {fileID: 431143591422264821, guid: 6153a642cf9af344eba4cdeef099a2d7,
        type: 3}
      propertyPath: m_OnClick.m_PersistentCalls.m_Calls.Array.data[0].m_Mode
      value: 1
      objectReference: {fileID: 0}
    - target: {fileID: 431143591422264821, guid: 6153a642cf9af344eba4cdeef099a2d7,
        type: 3}
      propertyPath: m_OnClick.m_PersistentCalls.m_Calls.Array.data[0].m_CallState
      value: 2
      objectReference: {fileID: 0}
    - target: {fileID: 431143591422264822, guid: 6153a642cf9af344eba4cdeef099a2d7,
        type: 3}
      propertyPath: m_LocalPosition.x
      value: 0
      objectReference: {fileID: 0}
    - target: {fileID: 431143591422264822, guid: 6153a642cf9af344eba4cdeef099a2d7,
        type: 3}
      propertyPath: m_LocalPosition.y
      value: 0
      objectReference: {fileID: 0}
    - target: {fileID: 431143591422264822, guid: 6153a642cf9af344eba4cdeef099a2d7,
        type: 3}
      propertyPath: m_LocalPosition.z
      value: 0
      objectReference: {fileID: 0}
    - target: {fileID: 431143591422264822, guid: 6153a642cf9af344eba4cdeef099a2d7,
        type: 3}
      propertyPath: m_LocalRotation.x
      value: -0
      objectReference: {fileID: 0}
    - target: {fileID: 431143591422264822, guid: 6153a642cf9af344eba4cdeef099a2d7,
        type: 3}
      propertyPath: m_LocalRotation.y
      value: -0
      objectReference: {fileID: 0}
    - target: {fileID: 431143591422264822, guid: 6153a642cf9af344eba4cdeef099a2d7,
        type: 3}
      propertyPath: m_LocalRotation.z
      value: -0
      objectReference: {fileID: 0}
    - target: {fileID: 431143591422264822, guid: 6153a642cf9af344eba4cdeef099a2d7,
        type: 3}
      propertyPath: m_LocalRotation.w
      value: 1
      objectReference: {fileID: 0}
    - target: {fileID: 431143591422264822, guid: 6153a642cf9af344eba4cdeef099a2d7,
        type: 3}
      propertyPath: m_RootOrder
      value: 1
      objectReference: {fileID: 0}
    - target: {fileID: 431143591422264822, guid: 6153a642cf9af344eba4cdeef099a2d7,
        type: 3}
      propertyPath: m_LocalEulerAnglesHint.x
      value: 0
      objectReference: {fileID: 0}
    - target: {fileID: 431143591422264822, guid: 6153a642cf9af344eba4cdeef099a2d7,
        type: 3}
      propertyPath: m_LocalEulerAnglesHint.y
      value: 0
      objectReference: {fileID: 0}
    - target: {fileID: 431143591422264822, guid: 6153a642cf9af344eba4cdeef099a2d7,
        type: 3}
      propertyPath: m_LocalEulerAnglesHint.z
      value: 0
      objectReference: {fileID: 0}
    - target: {fileID: 431143591422264822, guid: 6153a642cf9af344eba4cdeef099a2d7,
        type: 3}
      propertyPath: m_AnchoredPosition.x
      value: 0
      objectReference: {fileID: 0}
    - target: {fileID: 431143591422264822, guid: 6153a642cf9af344eba4cdeef099a2d7,
        type: 3}
      propertyPath: m_AnchoredPosition.y
      value: -11.600098
      objectReference: {fileID: 0}
    - target: {fileID: 431143591422264822, guid: 6153a642cf9af344eba4cdeef099a2d7,
        type: 3}
      propertyPath: m_SizeDelta.x
      value: 194.5
      objectReference: {fileID: 0}
    - target: {fileID: 431143591422264822, guid: 6153a642cf9af344eba4cdeef099a2d7,
        type: 3}
      propertyPath: m_SizeDelta.y
      value: 182.4
      objectReference: {fileID: 0}
    - target: {fileID: 431143591422264822, guid: 6153a642cf9af344eba4cdeef099a2d7,
        type: 3}
      propertyPath: m_AnchorMin.x
      value: 1
      objectReference: {fileID: 0}
    - target: {fileID: 431143591422264822, guid: 6153a642cf9af344eba4cdeef099a2d7,
        type: 3}
      propertyPath: m_AnchorMin.y
      value: 1
      objectReference: {fileID: 0}
    - target: {fileID: 431143591422264822, guid: 6153a642cf9af344eba4cdeef099a2d7,
        type: 3}
      propertyPath: m_AnchorMax.x
      value: 1
      objectReference: {fileID: 0}
    - target: {fileID: 431143591422264822, guid: 6153a642cf9af344eba4cdeef099a2d7,
        type: 3}
      propertyPath: m_AnchorMax.y
      value: 1
      objectReference: {fileID: 0}
    - target: {fileID: 431143591422264822, guid: 6153a642cf9af344eba4cdeef099a2d7,
        type: 3}
      propertyPath: m_Pivot.x
      value: 1
      objectReference: {fileID: 0}
    - target: {fileID: 431143591422264822, guid: 6153a642cf9af344eba4cdeef099a2d7,
        type: 3}
      propertyPath: m_Pivot.y
      value: 1
      objectReference: {fileID: 0}
    - target: {fileID: 431143591422264823, guid: 6153a642cf9af344eba4cdeef099a2d7,
        type: 3}
      propertyPath: m_Name
      value: Skip
      objectReference: {fileID: 0}
    m_RemovedComponents: []
  m_SourcePrefab: {fileID: 100100000, guid: 6153a642cf9af344eba4cdeef099a2d7, type: 3}
--- !u!224 &6825929488828281248 stripped
RectTransform:
  m_CorrespondingSourceObject: {fileID: 431143591422264822, guid: 6153a642cf9af344eba4cdeef099a2d7,
    type: 3}
  m_PrefabInstance: {fileID: 6575581442075538518}
  m_PrefabAsset: {fileID: 0}
