%YAML 1.1
%TAG !u! tag:unity3d.com,2011:
--- !u!1 &41297963
GameObject:
  m_ObjectHideFlags: 0
  m_CorrespondingSourceObject: {fileID: 0}
  m_PrefabInstance: {fileID: 0}
  m_PrefabAsset: {fileID: 0}
  serializedVersion: 6
  m_Component:
  - component: {fileID: 41297964}
  - component: {fileID: 41297966}
  - component: {fileID: 41297965}
  m_Layer: 5
  m_Name: Image (2)
  m_TagString: Untagged
  m_Icon: {fileID: 0}
  m_NavMeshLayer: 0
  m_StaticEditorFlags: 0
  m_IsActive: 1
--- !u!224 &41297964
RectTransform:
  m_ObjectHideFlags: 0
  m_CorrespondingSourceObject: {fileID: 0}
  m_PrefabInstance: {fileID: 0}
  m_PrefabAsset: {fileID: 0}
  m_GameObject: {fileID: 41297963}
  m_LocalRotation: {x: 0, y: 0, z: 0.38268343, w: 0.92387956}
  m_LocalPosition: {x: 0, y: 0, z: 0}
  m_LocalScale: {x: 1, y: 1, z: 1}
  m_Children: []
  m_Father: {fileID: 2018565334}
  m_RootOrder: 0
  m_LocalEulerAnglesHint: {x: 0, y: 0, z: 45}
  m_AnchorMin: {x: 0.5, y: 0.5}
  m_AnchorMax: {x: 0.5, y: 0.5}
  m_AnchoredPosition: {x: 0, y: -0}
  m_SizeDelta: {x: 75.7, y: 75.7}
  m_Pivot: {x: 0.5, y: 0.5}
--- !u!222 &41297966
CanvasRenderer:
  m_ObjectHideFlags: 0
  m_CorrespondingSourceObject: {fileID: 0}
  m_PrefabInstance: {fileID: 0}
  m_PrefabAsset: {fileID: 0}
  m_GameObject: {fileID: 41297963}
  m_CullTransparentMesh: 0
--- !u!114 &41297965
MonoBehaviour:
  m_ObjectHideFlags: 0
  m_CorrespondingSourceObject: {fileID: 0}
  m_PrefabInstance: {fileID: 0}
  m_PrefabAsset: {fileID: 0}
  m_GameObject: {fileID: 41297963}
  m_Enabled: 1
  m_EditorHideFlags: 0
  m_Script: {fileID: 11500000, guid: fe87c0e1cc204ed48ad3b37840f39efc, type: 3}
  m_Name: 
  m_EditorClassIdentifier: 
  m_Material: {fileID: 2100000, guid: 1d731418e58fcba4c9fffd8a49edfa5a, type: 2}
  m_Color: {r: 1, g: 1, b: 1, a: 1}
  m_RaycastTarget: 1
  m_OnCullStateChanged:
    m_PersistentCalls:
      m_Calls: []
  m_Sprite: {fileID: 4304481363061634974, guid: 85a81c4b4568f974ab522cf44660fcdb,
    type: 3}
  m_Type: 0
  m_PreserveAspect: 0
  m_FillCenter: 1
  m_FillMethod: 4
  m_FillAmount: 1
  m_FillClockwise: 1
  m_FillOrigin: 0
  m_UseSpriteMesh: 0
  m_PixelsPerUnitMultiplier: 1
--- !u!1 &101792512
GameObject:
  m_ObjectHideFlags: 0
  m_CorrespondingSourceObject: {fileID: 0}
  m_PrefabInstance: {fileID: 0}
  m_PrefabAsset: {fileID: 0}
  serializedVersion: 6
  m_Component:
  - component: {fileID: 101792513}
  - component: {fileID: 101792515}
  - component: {fileID: 101792514}
  m_Layer: 5
  m_Name: Image (2)
  m_TagString: Untagged
  m_Icon: {fileID: 0}
  m_NavMeshLayer: 0
  m_StaticEditorFlags: 0
  m_IsActive: 1
--- !u!224 &101792513
RectTransform:
  m_ObjectHideFlags: 0
  m_CorrespondingSourceObject: {fileID: 0}
  m_PrefabInstance: {fileID: 0}
  m_PrefabAsset: {fileID: 0}
  m_GameObject: {fileID: 101792512}
  m_LocalRotation: {x: -0, y: -0, z: -0, w: 1}
  m_LocalPosition: {x: 0, y: 0, z: 0}
  m_LocalScale: {x: 1, y: 1, z: 1}
  m_Children: []
  m_Father: {fileID: 1042105369}
  m_RootOrder: 0
  m_LocalEulerAnglesHint: {x: 0, y: 0, z: 0}
  m_AnchorMin: {x: 0.5, y: 0.5}
  m_AnchorMax: {x: 0.5, y: 0.5}
  m_AnchoredPosition: {x: 0, y: -6.8499756}
  m_SizeDelta: {x: 75.7, y: 75.7}
  m_Pivot: {x: 0.5, y: 0.5}
--- !u!222 &101792515
CanvasRenderer:
  m_ObjectHideFlags: 0
  m_CorrespondingSourceObject: {fileID: 0}
  m_PrefabInstance: {fileID: 0}
  m_PrefabAsset: {fileID: 0}
  m_GameObject: {fileID: 101792512}
  m_CullTransparentMesh: 0
--- !u!114 &101792514
MonoBehaviour:
  m_ObjectHideFlags: 0
  m_CorrespondingSourceObject: {fileID: 0}
  m_PrefabInstance: {fileID: 0}
  m_PrefabAsset: {fileID: 0}
  m_GameObject: {fileID: 101792512}
  m_Enabled: 1
  m_EditorHideFlags: 0
  m_Script: {fileID: 11500000, guid: fe87c0e1cc204ed48ad3b37840f39efc, type: 3}
  m_Name: 
  m_EditorClassIdentifier: 
  m_Material: {fileID: 2100000, guid: 1d731418e58fcba4c9fffd8a49edfa5a, type: 2}
  m_Color: {r: 1, g: 1, b: 1, a: 1}
  m_RaycastTarget: 1
  m_OnCullStateChanged:
    m_PersistentCalls:
      m_Calls: []
  m_Sprite: {fileID: 2285455237078180815, guid: 85a81c4b4568f974ab522cf44660fcdb,
    type: 3}
  m_Type: 0
  m_PreserveAspect: 0
  m_FillCenter: 1
  m_FillMethod: 4
  m_FillAmount: 1
  m_FillClockwise: 1
  m_FillOrigin: 0
  m_UseSpriteMesh: 0
  m_PixelsPerUnitMultiplier: 1
--- !u!1 &175509173
GameObject:
  m_ObjectHideFlags: 0
  m_CorrespondingSourceObject: {fileID: 0}
  m_PrefabInstance: {fileID: 0}
  m_PrefabAsset: {fileID: 0}
  serializedVersion: 6
  m_Component:
  - component: {fileID: 175509174}
  m_Layer: 5
  m_Name: SuccessPanel
  m_TagString: Untagged
  m_Icon: {fileID: 0}
  m_NavMeshLayer: 0
  m_StaticEditorFlags: 0
  m_IsActive: 0
--- !u!224 &175509174
RectTransform:
  m_ObjectHideFlags: 0
  m_CorrespondingSourceObject: {fileID: 0}
  m_PrefabInstance: {fileID: 0}
  m_PrefabAsset: {fileID: 0}
  m_GameObject: {fileID: 175509173}
  m_LocalRotation: {x: 0, y: 0, z: 0, w: 1}
  m_LocalPosition: {x: 0, y: 0, z: 0}
  m_LocalScale: {x: 1, y: 1, z: 1}
  m_Children:
  - {fileID: 353038268}
  - {fileID: 5823188589240387962}
  - {fileID: 5823188588696741373}
  - {fileID: 1042105369}
  m_Father: {fileID: 1454524308462799897}
  m_RootOrder: 2
  m_LocalEulerAnglesHint: {x: 0, y: 0, z: 0}
  m_AnchorMin: {x: 0.5, y: 0.5}
  m_AnchorMax: {x: 0.5, y: 0.5}
  m_AnchoredPosition: {x: 0, y: 0}
  m_SizeDelta: {x: 100, y: 100}
  m_Pivot: {x: 0.5, y: 0.5}
--- !u!1 &353038267
GameObject:
  m_ObjectHideFlags: 0
  m_CorrespondingSourceObject: {fileID: 0}
  m_PrefabInstance: {fileID: 0}
  m_PrefabAsset: {fileID: 0}
  serializedVersion: 6
  m_Component:
  - component: {fileID: 353038268}
  - component: {fileID: 353038270}
  - component: {fileID: 353038269}
  m_Layer: 5
  m_Name: Image
  m_TagString: Untagged
  m_Icon: {fileID: 0}
  m_NavMeshLayer: 0
  m_StaticEditorFlags: 0
  m_IsActive: 1
--- !u!224 &353038268
RectTransform:
  m_ObjectHideFlags: 0
  m_CorrespondingSourceObject: {fileID: 0}
  m_PrefabInstance: {fileID: 0}
  m_PrefabAsset: {fileID: 0}
  m_GameObject: {fileID: 353038267}
  m_LocalRotation: {x: -0, y: -0, z: -0, w: 1}
  m_LocalPosition: {x: 0, y: 0, z: 0}
  m_LocalScale: {x: 1, y: 1, z: 1}
  m_Children: []
  m_Father: {fileID: 175509174}
  m_RootOrder: 0
  m_LocalEulerAnglesHint: {x: 0, y: 0, z: 0}
  m_AnchorMin: {x: 0, y: 0}
  m_AnchorMax: {x: 1, y: 0}
  m_AnchoredPosition: {x: 0, y: -149.09998}
  m_SizeDelta: {x: 675.9, y: 126.7}
  m_Pivot: {x: 0.5, y: 0}
--- !u!222 &353038270
CanvasRenderer:
  m_ObjectHideFlags: 0
  m_CorrespondingSourceObject: {fileID: 0}
  m_PrefabInstance: {fileID: 0}
  m_PrefabAsset: {fileID: 0}
  m_GameObject: {fileID: 353038267}
  m_CullTransparentMesh: 0
--- !u!114 &353038269
MonoBehaviour:
  m_ObjectHideFlags: 0
  m_CorrespondingSourceObject: {fileID: 0}
  m_PrefabInstance: {fileID: 0}
  m_PrefabAsset: {fileID: 0}
  m_GameObject: {fileID: 353038267}
  m_Enabled: 1
  m_EditorHideFlags: 0
  m_Script: {fileID: 11500000, guid: fe87c0e1cc204ed48ad3b37840f39efc, type: 3}
  m_Name: 
  m_EditorClassIdentifier: 
  m_Material: {fileID: 2100000, guid: 28dfdd34518f8574881266cc4d1421bf, type: 2}
  m_Color: {r: 1, g: 1, b: 1, a: 1}
  m_RaycastTarget: 1
  m_OnCullStateChanged:
    m_PersistentCalls:
      m_Calls: []
  m_Sprite: {fileID: 3455024367823796056, guid: 85a81c4b4568f974ab522cf44660fcdb,
    type: 3}
  m_Type: 1
  m_PreserveAspect: 0
  m_FillCenter: 1
  m_FillMethod: 4
  m_FillAmount: 1
  m_FillClockwise: 1
  m_FillOrigin: 0
  m_UseSpriteMesh: 0
  m_PixelsPerUnitMultiplier: 1
--- !u!1 &390704486
GameObject:
  m_ObjectHideFlags: 0
  m_CorrespondingSourceObject: {fileID: 0}
  m_PrefabInstance: {fileID: 0}
  m_PrefabAsset: {fileID: 0}
  serializedVersion: 6
  m_Component:
  - component: {fileID: 390704487}
  m_Layer: 5
  m_Name: FailurePanel
  m_TagString: Untagged
  m_Icon: {fileID: 0}
  m_NavMeshLayer: 0
  m_StaticEditorFlags: 0
  m_IsActive: 0
--- !u!224 &390704487
RectTransform:
  m_ObjectHideFlags: 0
  m_CorrespondingSourceObject: {fileID: 0}
  m_PrefabInstance: {fileID: 0}
  m_PrefabAsset: {fileID: 0}
  m_GameObject: {fileID: 390704486}
  m_LocalRotation: {x: 0, y: 0, z: 0, w: 1}
  m_LocalPosition: {x: 0, y: 0, z: 0}
  m_LocalScale: {x: 1, y: 1, z: 1}
  m_Children:
  - {fileID: 1146891040}
  - {fileID: 5823188589366754330}
  - {fileID: 5823188588520464998}
  - {fileID: 2018565334}
  m_Father: {fileID: 1454524308462799897}
  m_RootOrder: 3
  m_LocalEulerAnglesHint: {x: 0, y: 0, z: 0}
  m_AnchorMin: {x: 0.5, y: 0.5}
  m_AnchorMax: {x: 0.5, y: 0.5}
  m_AnchoredPosition: {x: 0, y: 0}
  m_SizeDelta: {x: 100, y: 100}
  m_Pivot: {x: 0.5, y: 0.5}
--- !u!1 &1042105368
GameObject:
  m_ObjectHideFlags: 0
  m_CorrespondingSourceObject: {fileID: 0}
  m_PrefabInstance: {fileID: 0}
  m_PrefabAsset: {fileID: 0}
  serializedVersion: 6
  m_Component:
  - component: {fileID: 1042105369}
  - component: {fileID: 1042105371}
  - component: {fileID: 1042105370}
  m_Layer: 5
  m_Name: Image
  m_TagString: Untagged
  m_Icon: {fileID: 0}
  m_NavMeshLayer: 0
  m_StaticEditorFlags: 0
  m_IsActive: 1
--- !u!224 &1042105369
RectTransform:
  m_ObjectHideFlags: 0
  m_CorrespondingSourceObject: {fileID: 0}
  m_PrefabInstance: {fileID: 0}
  m_PrefabAsset: {fileID: 0}
  m_GameObject: {fileID: 1042105368}
  m_LocalRotation: {x: 0, y: 0, z: 0, w: 1}
  m_LocalPosition: {x: 0, y: 0, z: 0}
  m_LocalScale: {x: 1, y: 1, z: 1}
  m_Children:
  - {fileID: 101792513}
  m_Father: {fileID: 175509174}
  m_RootOrder: 3
  m_LocalEulerAnglesHint: {x: 0, y: 0, z: 0}
  m_AnchorMin: {x: 0.5, y: 0}
  m_AnchorMax: {x: 0.5, y: 0}
  m_AnchoredPosition: {x: 0, y: 100}
  m_SizeDelta: {x: 116.1, y: 116.1}
  m_Pivot: {x: 0.5, y: 0.5}
--- !u!222 &1042105371
CanvasRenderer:
  m_ObjectHideFlags: 0
  m_CorrespondingSourceObject: {fileID: 0}
  m_PrefabInstance: {fileID: 0}
  m_PrefabAsset: {fileID: 0}
  m_GameObject: {fileID: 1042105368}
  m_CullTransparentMesh: 0
--- !u!114 &1042105370
MonoBehaviour:
  m_ObjectHideFlags: 0
  m_CorrespondingSourceObject: {fileID: 0}
  m_PrefabInstance: {fileID: 0}
  m_PrefabAsset: {fileID: 0}
  m_GameObject: {fileID: 1042105368}
  m_Enabled: 1
  m_EditorHideFlags: 0
  m_Script: {fileID: 11500000, guid: fe87c0e1cc204ed48ad3b37840f39efc, type: 3}
  m_Name: 
  m_EditorClassIdentifier: 
  m_Material: {fileID: 2100000, guid: c3ebfe14dbbff9e48bf41547c56a4ebe, type: 2}
  m_Color: {r: 1, g: 1, b: 1, a: 1}
  m_RaycastTarget: 1
  m_OnCullStateChanged:
    m_PersistentCalls:
      m_Calls: []
  m_Sprite: {fileID: -2096612873085574739, guid: 85a81c4b4568f974ab522cf44660fcdb,
    type: 3}
  m_Type: 0
  m_PreserveAspect: 0
  m_FillCenter: 1
  m_FillMethod: 4
  m_FillAmount: 1
  m_FillClockwise: 1
  m_FillOrigin: 0
  m_UseSpriteMesh: 0
  m_PixelsPerUnitMultiplier: 1
--- !u!1 &1146891039
GameObject:
  m_ObjectHideFlags: 0
  m_CorrespondingSourceObject: {fileID: 0}
  m_PrefabInstance: {fileID: 0}
  m_PrefabAsset: {fileID: 0}
  serializedVersion: 6
  m_Component:
  - component: {fileID: 1146891040}
  - component: {fileID: 1146891042}
  - component: {fileID: 1146891041}
  m_Layer: 5
  m_Name: Image
  m_TagString: Untagged
  m_Icon: {fileID: 0}
  m_NavMeshLayer: 0
  m_StaticEditorFlags: 0
  m_IsActive: 1
--- !u!224 &1146891040
RectTransform:
  m_ObjectHideFlags: 0
  m_CorrespondingSourceObject: {fileID: 0}
  m_PrefabInstance: {fileID: 0}
  m_PrefabAsset: {fileID: 0}
  m_GameObject: {fileID: 1146891039}
  m_LocalRotation: {x: -0, y: -0, z: -0, w: 1}
  m_LocalPosition: {x: 0, y: 0, z: 0}
  m_LocalScale: {x: 1, y: 1, z: 1}
  m_Children: []
  m_Father: {fileID: 390704487}
  m_RootOrder: 0
  m_LocalEulerAnglesHint: {x: 0, y: 0, z: 0}
  m_AnchorMin: {x: 0, y: 0}
  m_AnchorMax: {x: 1, y: 0}
  m_AnchoredPosition: {x: 0, y: -149.09998}
  m_SizeDelta: {x: 675.9, y: 126.7}
  m_Pivot: {x: 0.5, y: 0}
--- !u!222 &1146891042
CanvasRenderer:
  m_ObjectHideFlags: 0
  m_CorrespondingSourceObject: {fileID: 0}
  m_PrefabInstance: {fileID: 0}
  m_PrefabAsset: {fileID: 0}
  m_GameObject: {fileID: 1146891039}
  m_CullTransparentMesh: 0
--- !u!114 &1146891041
MonoBehaviour:
  m_ObjectHideFlags: 0
  m_CorrespondingSourceObject: {fileID: 0}
  m_PrefabInstance: {fileID: 0}
  m_PrefabAsset: {fileID: 0}
  m_GameObject: {fileID: 1146891039}
  m_Enabled: 1
  m_EditorHideFlags: 0
  m_Script: {fileID: 11500000, guid: fe87c0e1cc204ed48ad3b37840f39efc, type: 3}
  m_Name: 
  m_EditorClassIdentifier: 
  m_Material: {fileID: 2100000, guid: 28dfdd34518f8574881266cc4d1421bf, type: 2}
  m_Color: {r: 1, g: 1, b: 1, a: 1}
  m_RaycastTarget: 1
  m_OnCullStateChanged:
    m_PersistentCalls:
      m_Calls: []
  m_Sprite: {fileID: 3455024367823796056, guid: 85a81c4b4568f974ab522cf44660fcdb,
    type: 3}
  m_Type: 1
  m_PreserveAspect: 0
  m_FillCenter: 1
  m_FillMethod: 4
  m_FillAmount: 1
  m_FillClockwise: 1
  m_FillOrigin: 0
  m_UseSpriteMesh: 0
  m_PixelsPerUnitMultiplier: 1
--- !u!1 &2018565333
GameObject:
  m_ObjectHideFlags: 0
  m_CorrespondingSourceObject: {fileID: 0}
  m_PrefabInstance: {fileID: 0}
  m_PrefabAsset: {fileID: 0}
  serializedVersion: 6
  m_Component:
  - component: {fileID: 2018565334}
  - component: {fileID: 2018565336}
  - component: {fileID: 2018565335}
  m_Layer: 5
  m_Name: Image
  m_TagString: Untagged
  m_Icon: {fileID: 0}
  m_NavMeshLayer: 0
  m_StaticEditorFlags: 0
  m_IsActive: 1
--- !u!224 &2018565334
RectTransform:
  m_ObjectHideFlags: 0
  m_CorrespondingSourceObject: {fileID: 0}
  m_PrefabInstance: {fileID: 0}
  m_PrefabAsset: {fileID: 0}
  m_GameObject: {fileID: 2018565333}
  m_LocalRotation: {x: 0, y: 0, z: 0, w: 1}
  m_LocalPosition: {x: 0, y: 0, z: 0}
  m_LocalScale: {x: 1, y: 1, z: 1}
  m_Children:
  - {fileID: 41297964}
  m_Father: {fileID: 390704487}
  m_RootOrder: 3
  m_LocalEulerAnglesHint: {x: 0, y: 0, z: 0}
  m_AnchorMin: {x: 0.5, y: 0}
  m_AnchorMax: {x: 0.5, y: 0}
  m_AnchoredPosition: {x: 0, y: 100}
  m_SizeDelta: {x: 116.1, y: 116.1}
  m_Pivot: {x: 0.5, y: 0.5}
--- !u!222 &2018565336
CanvasRenderer:
  m_ObjectHideFlags: 0
  m_CorrespondingSourceObject: {fileID: 0}
  m_PrefabInstance: {fileID: 0}
  m_PrefabAsset: {fileID: 0}
  m_GameObject: {fileID: 2018565333}
  m_CullTransparentMesh: 0
--- !u!114 &2018565335
MonoBehaviour:
  m_ObjectHideFlags: 0
  m_CorrespondingSourceObject: {fileID: 0}
  m_PrefabInstance: {fileID: 0}
  m_PrefabAsset: {fileID: 0}
  m_GameObject: {fileID: 2018565333}
  m_Enabled: 1
  m_EditorHideFlags: 0
  m_Script: {fileID: 11500000, guid: fe87c0e1cc204ed48ad3b37840f39efc, type: 3}
  m_Name: 
  m_EditorClassIdentifier: 
  m_Material: {fileID: 2100000, guid: d5bb09421bcf56d478a95e43ecbc7682, type: 2}
  m_Color: {r: 1, g: 1, b: 1, a: 1}
  m_RaycastTarget: 1
  m_OnCullStateChanged:
    m_PersistentCalls:
      m_Calls: []
  m_Sprite: {fileID: -2096612873085574739, guid: 85a81c4b4568f974ab522cf44660fcdb,
    type: 3}
  m_Type: 0
  m_PreserveAspect: 0
  m_FillCenter: 1
  m_FillMethod: 4
  m_FillAmount: 1
  m_FillClockwise: 1
  m_FillOrigin: 0
  m_UseSpriteMesh: 0
  m_PixelsPerUnitMultiplier: 1
--- !u!1 &1454524307383147476
GameObject:
  m_ObjectHideFlags: 0
  m_CorrespondingSourceObject: {fileID: 0}
  m_PrefabInstance: {fileID: 0}
  m_PrefabAsset: {fileID: 0}
  serializedVersion: 6
  m_Component:
  - component: {fileID: 1454524307383147479}
  - component: {fileID: 1454524307383147473}
  - component: {fileID: 1454524307383147478}
  m_Layer: 5
  m_Name: Image
  m_TagString: Untagged
  m_Icon: {fileID: 0}
  m_NavMeshLayer: 0
  m_StaticEditorFlags: 0
  m_IsActive: 1
--- !u!224 &1454524307383147479
RectTransform:
  m_ObjectHideFlags: 0
  m_CorrespondingSourceObject: {fileID: 0}
  m_PrefabInstance: {fileID: 0}
  m_PrefabAsset: {fileID: 0}
  m_GameObject: {fileID: 1454524307383147476}
  m_LocalRotation: {x: -0, y: -0, z: -0, w: 1}
  m_LocalPosition: {x: 0, y: 0, z: 0}
  m_LocalScale: {x: 1, y: 1, z: 1}
  m_Children: []
  m_Father: {fileID: 880139715392646606}
  m_RootOrder: 0
  m_LocalEulerAnglesHint: {x: 0, y: 0, z: 0}
  m_AnchorMin: {x: 0, y: 0}
  m_AnchorMax: {x: 1, y: 0}
  m_AnchoredPosition: {x: 0, y: -149.09998}
  m_SizeDelta: {x: 675.9, y: 126.7}
  m_Pivot: {x: 0.5, y: 0}
--- !u!222 &1454524307383147473
CanvasRenderer:
  m_ObjectHideFlags: 0
  m_CorrespondingSourceObject: {fileID: 0}
  m_PrefabInstance: {fileID: 0}
  m_PrefabAsset: {fileID: 0}
  m_GameObject: {fileID: 1454524307383147476}
  m_CullTransparentMesh: 0
--- !u!114 &1454524307383147478
MonoBehaviour:
  m_ObjectHideFlags: 0
  m_CorrespondingSourceObject: {fileID: 0}
  m_PrefabInstance: {fileID: 0}
  m_PrefabAsset: {fileID: 0}
  m_GameObject: {fileID: 1454524307383147476}
  m_Enabled: 1
  m_EditorHideFlags: 0
  m_Script: {fileID: 11500000, guid: fe87c0e1cc204ed48ad3b37840f39efc, type: 3}
  m_Name: 
  m_EditorClassIdentifier: 
  m_Material: {fileID: 2100000, guid: 28dfdd34518f8574881266cc4d1421bf, type: 2}
  m_Color: {r: 1, g: 1, b: 1, a: 1}
  m_RaycastTarget: 1
  m_OnCullStateChanged:
    m_PersistentCalls:
      m_Calls: []
  m_Sprite: {fileID: 3455024367823796056, guid: 85a81c4b4568f974ab522cf44660fcdb,
    type: 3}
  m_Type: 1
  m_PreserveAspect: 0
  m_FillCenter: 1
  m_FillMethod: 4
  m_FillAmount: 1
  m_FillClockwise: 1
  m_FillOrigin: 0
  m_UseSpriteMesh: 0
  m_PixelsPerUnitMultiplier: 1
--- !u!1 &1454524307397364790
GameObject:
  m_ObjectHideFlags: 0
  m_CorrespondingSourceObject: {fileID: 0}
  m_PrefabInstance: {fileID: 0}
  m_PrefabAsset: {fileID: 0}
  serializedVersion: 6
  m_Component:
  - component: {fileID: 1454524307397364785}
  - component: {fileID: 1454524307397364786}
  - component: {fileID: 1454524307397364787}
  - component: {fileID: 1454524307397364784}
  m_Layer: 5
  m_Name: no_btn
  m_TagString: Untagged
  m_Icon: {fileID: 0}
  m_NavMeshLayer: 0
  m_StaticEditorFlags: 0
  m_IsActive: 1
--- !u!224 &1454524307397364785
RectTransform:
  m_ObjectHideFlags: 0
  m_CorrespondingSourceObject: {fileID: 0}
  m_PrefabInstance: {fileID: 0}
  m_PrefabAsset: {fileID: 0}
  m_GameObject: {fileID: 1454524307397364790}
  m_LocalRotation: {x: -0, y: -0, z: -0, w: 1}
  m_LocalPosition: {x: 0, y: 0, z: 0}
  m_LocalScale: {x: 1, y: 1, z: 1}
  m_Children:
  - {fileID: 1454524307500678729}
  m_Father: {fileID: 880139715392646606}
  m_RootOrder: 4
  m_LocalEulerAnglesHint: {x: 0, y: 0, z: 0}
  m_AnchorMin: {x: 1, y: 0}
  m_AnchorMax: {x: 1, y: 0}
  m_AnchoredPosition: {x: 337.95, y: -149.09998}
  m_SizeDelta: {x: 388.4, y: 126.7}
  m_Pivot: {x: 1, y: 0}
--- !u!222 &1454524307397364786
CanvasRenderer:
  m_ObjectHideFlags: 0
  m_CorrespondingSourceObject: {fileID: 0}
  m_PrefabInstance: {fileID: 0}
  m_PrefabAsset: {fileID: 0}
  m_GameObject: {fileID: 1454524307397364790}
  m_CullTransparentMesh: 0
--- !u!114 &1454524307397364787
MonoBehaviour:
  m_ObjectHideFlags: 0
  m_CorrespondingSourceObject: {fileID: 0}
  m_PrefabInstance: {fileID: 0}
  m_PrefabAsset: {fileID: 0}
  m_GameObject: {fileID: 1454524307397364790}
  m_Enabled: 1
  m_EditorHideFlags: 0
  m_Script: {fileID: 11500000, guid: fe87c0e1cc204ed48ad3b37840f39efc, type: 3}
  m_Name: 
  m_EditorClassIdentifier: 
  m_Material: {fileID: 2100000, guid: 28dfdd34518f8574881266cc4d1421bf, type: 2}
  m_Color: {r: 1, g: 1, b: 1, a: 1}
  m_RaycastTarget: 1
  m_OnCullStateChanged:
    m_PersistentCalls:
      m_Calls: []
  m_Sprite: {fileID: 3455024367823796056, guid: 85a81c4b4568f974ab522cf44660fcdb,
    type: 3}
  m_Type: 1
  m_PreserveAspect: 0
  m_FillCenter: 1
  m_FillMethod: 4
  m_FillAmount: 1
  m_FillClockwise: 1
  m_FillOrigin: 0
  m_UseSpriteMesh: 0
  m_PixelsPerUnitMultiplier: 1
--- !u!114 &1454524307397364784
MonoBehaviour:
  m_ObjectHideFlags: 0
  m_CorrespondingSourceObject: {fileID: 0}
  m_PrefabInstance: {fileID: 0}
  m_PrefabAsset: {fileID: 0}
  m_GameObject: {fileID: 1454524307397364790}
  m_Enabled: 1
  m_EditorHideFlags: 0
  m_Script: {fileID: 11500000, guid: 4e29b1a8efbd4b44bb3f3716e73f07ff, type: 3}
  m_Name: 
  m_EditorClassIdentifier: 
  m_Navigation:
    m_Mode: 3
    m_SelectOnUp: {fileID: 0}
    m_SelectOnDown: {fileID: 0}
    m_SelectOnLeft: {fileID: 0}
    m_SelectOnRight: {fileID: 0}
  m_Transition: 1
  m_Colors:
    m_NormalColor: {r: 1, g: 1, b: 1, a: 1}
    m_HighlightedColor: {r: 0.9607843, g: 0.9607843, b: 0.9607843, a: 1}
    m_PressedColor: {r: 0.7882353, g: 0.85882354, b: 1, a: 0.15686275}
    m_SelectedColor: {r: 0.9607843, g: 0.9607843, b: 0.9607843, a: 1}
    m_DisabledColor: {r: 0.78431374, g: 0.78431374, b: 0.78431374, a: 0.5019608}
    m_ColorMultiplier: 1
    m_FadeDuration: 0.1
  m_SpriteState:
    m_HighlightedSprite: {fileID: 0}
    m_PressedSprite: {fileID: 0}
    m_SelectedSprite: {fileID: 0}
    m_DisabledSprite: {fileID: 0}
  m_AnimationTriggers:
    m_NormalTrigger: Normal
    m_HighlightedTrigger: Highlighted
    m_PressedTrigger: Pressed
    m_SelectedTrigger: Selected
    m_DisabledTrigger: Disabled
  m_Interactable: 1
  m_TargetGraphic: {fileID: 1454524307397364787}
  m_OnClick:
    m_PersistentCalls:
      m_Calls:
      - m_Target: {fileID: 1454524307765505671}
        m_MethodName: SetActive
        m_Mode: 6
        m_Arguments:
          m_ObjectArgument: {fileID: 0}
          m_ObjectArgumentAssemblyTypeName: UnityEngine.Object, UnityEngine
          m_IntArgument: 0
          m_FloatArgument: 0
          m_StringArgument: 
          m_BoolArgument: 0
        m_CallState: 2
--- !u!1 &1454524307500678734
GameObject:
  m_ObjectHideFlags: 0
  m_CorrespondingSourceObject: {fileID: 0}
  m_PrefabInstance: {fileID: 0}
  m_PrefabAsset: {fileID: 0}
  serializedVersion: 6
  m_Component:
  - component: {fileID: 1454524307500678729}
  - component: {fileID: 1454524307500678731}
  - component: {fileID: 1454524307500678728}
  m_Layer: 5
  m_Name: Text
  m_TagString: Untagged
  m_Icon: {fileID: 0}
  m_NavMeshLayer: 0
  m_StaticEditorFlags: 0
  m_IsActive: 1
--- !u!224 &1454524307500678729
RectTransform:
  m_ObjectHideFlags: 0
  m_CorrespondingSourceObject: {fileID: 0}
  m_PrefabInstance: {fileID: 0}
  m_PrefabAsset: {fileID: 0}
  m_GameObject: {fileID: 1454524307500678734}
  m_LocalRotation: {x: -0, y: -0, z: -0, w: 1}
  m_LocalPosition: {x: 0, y: 0, z: 0}
  m_LocalScale: {x: 1, y: 1, z: 1}
  m_Children: []
  m_Father: {fileID: 1454524307397364785}
  m_RootOrder: 0
  m_LocalEulerAnglesHint: {x: 0, y: 0, z: 0}
  m_AnchorMin: {x: 0, y: 0}
  m_AnchorMax: {x: 1, y: 1}
  m_AnchoredPosition: {x: 0, y: 0}
  m_SizeDelta: {x: 0, y: 0}
  m_Pivot: {x: 0.5, y: 0.5}
--- !u!222 &1454524307500678731
CanvasRenderer:
  m_ObjectHideFlags: 0
  m_CorrespondingSourceObject: {fileID: 0}
  m_PrefabInstance: {fileID: 0}
  m_PrefabAsset: {fileID: 0}
  m_GameObject: {fileID: 1454524307500678734}
  m_CullTransparentMesh: 0
--- !u!114 &1454524307500678728
MonoBehaviour:
  m_ObjectHideFlags: 0
  m_CorrespondingSourceObject: {fileID: 0}
  m_PrefabInstance: {fileID: 0}
  m_PrefabAsset: {fileID: 0}
  m_GameObject: {fileID: 1454524307500678734}
  m_Enabled: 1
  m_EditorHideFlags: 0
  m_Script: {fileID: 11500000, guid: 5f7201a12d95ffc409449d95f23cf332, type: 3}
  m_Name: 
  m_EditorClassIdentifier: 
  m_Material: {fileID: 2100000, guid: 514a874938fc8fe4088e1f2f403d5471, type: 2}
  m_Color: {r: 1, g: 1, b: 1, a: 1}
  m_RaycastTarget: 1
  m_OnCullStateChanged:
    m_PersistentCalls:
      m_Calls: []
  m_FontData:
    m_Font: {fileID: 12800000, guid: ad67dddc066788943997a336af528f28, type: 3}
    m_FontSize: 30
    m_FontStyle: 0
    m_BestFit: 0
    m_MinSize: 2
    m_MaxSize: 40
    m_Alignment: 4
    m_AlignByGeometry: 0
    m_RichText: 1
    m_HorizontalOverflow: 0
    m_VerticalOverflow: 0
    m_LineSpacing: 1
  m_Text: No
--- !u!1 &1454524307654297113
GameObject:
  m_ObjectHideFlags: 0
  m_CorrespondingSourceObject: {fileID: 0}
  m_PrefabInstance: {fileID: 0}
  m_PrefabAsset: {fileID: 0}
  serializedVersion: 6
  m_Component:
  - component: {fileID: 1454524307654297112}
  - component: {fileID: 1454524307654297114}
  - component: {fileID: 1454524307654297115}
  m_Layer: 5
  m_Name: Text
  m_TagString: Untagged
  m_Icon: {fileID: 0}
  m_NavMeshLayer: 0
  m_StaticEditorFlags: 0
  m_IsActive: 1
--- !u!224 &1454524307654297112
RectTransform:
  m_ObjectHideFlags: 0
  m_CorrespondingSourceObject: {fileID: 0}
  m_PrefabInstance: {fileID: 0}
  m_PrefabAsset: {fileID: 0}
  m_GameObject: {fileID: 1454524307654297113}
  m_LocalRotation: {x: -0, y: -0, z: -0, w: 1}
  m_LocalPosition: {x: 0, y: 0, z: 0}
  m_LocalScale: {x: 1, y: 1, z: 1}
  m_Children: []
  m_Father: {fileID: 1454524308205704389}
  m_RootOrder: 0
  m_LocalEulerAnglesHint: {x: 0, y: 0, z: 0}
  m_AnchorMin: {x: 0, y: 0}
  m_AnchorMax: {x: 1, y: 1}
  m_AnchoredPosition: {x: 0, y: 0}
  m_SizeDelta: {x: 0, y: 0}
  m_Pivot: {x: 0.5, y: 0.5}
--- !u!222 &1454524307654297114
CanvasRenderer:
  m_ObjectHideFlags: 0
  m_CorrespondingSourceObject: {fileID: 0}
  m_PrefabInstance: {fileID: 0}
  m_PrefabAsset: {fileID: 0}
  m_GameObject: {fileID: 1454524307654297113}
  m_CullTransparentMesh: 0
--- !u!114 &1454524307654297115
MonoBehaviour:
  m_ObjectHideFlags: 0
  m_CorrespondingSourceObject: {fileID: 0}
  m_PrefabInstance: {fileID: 0}
  m_PrefabAsset: {fileID: 0}
  m_GameObject: {fileID: 1454524307654297113}
  m_Enabled: 1
  m_EditorHideFlags: 0
  m_Script: {fileID: 11500000, guid: 5f7201a12d95ffc409449d95f23cf332, type: 3}
  m_Name: 
  m_EditorClassIdentifier: 
  m_Material: {fileID: 2100000, guid: d5bb09421bcf56d478a95e43ecbc7682, type: 2}
  m_Color: {r: 1, g: 1, b: 1, a: 1}
  m_RaycastTarget: 1
  m_OnCullStateChanged:
    m_PersistentCalls:
      m_Calls: []
  m_FontData:
    m_Font: {fileID: 12800000, guid: ad67dddc066788943997a336af528f28, type: 3}
    m_FontSize: 30
    m_FontStyle: 0
    m_BestFit: 0
    m_MinSize: 2
    m_MaxSize: 40
    m_Alignment: 4
    m_AlignByGeometry: 0
    m_RichText: 1
    m_HorizontalOverflow: 0
    m_VerticalOverflow: 0
    m_LineSpacing: 1
  m_Text: Yes
--- !u!1 &1454524307765505671
GameObject:
  m_ObjectHideFlags: 0
  m_CorrespondingSourceObject: {fileID: 0}
  m_PrefabInstance: {fileID: 0}
  m_PrefabAsset: {fileID: 0}
  serializedVersion: 6
  m_Component:
  - component: {fileID: 1454524307765505670}
  - component: {fileID: 1454524307765505664}
  - component: {fileID: 1454524307765505665}
  m_Layer: 5
  m_Name: PopUpPanel
  m_TagString: Untagged
  m_Icon: {fileID: 0}
  m_NavMeshLayer: 0
  m_StaticEditorFlags: 0
  m_IsActive: 1
--- !u!224 &1454524307765505670
RectTransform:
  m_ObjectHideFlags: 0
  m_CorrespondingSourceObject: {fileID: 0}
  m_PrefabInstance: {fileID: 0}
  m_PrefabAsset: {fileID: 0}
  m_GameObject: {fileID: 1454524307765505671}
  m_LocalRotation: {x: 0, y: 0, z: 0, w: 1}
  m_LocalPosition: {x: 0, y: 0, z: 0}
  m_LocalScale: {x: 1, y: 1, z: 1}
  m_Children:
  - {fileID: 1454524308462799897}
  m_Father: {fileID: 0}
  m_RootOrder: 0
  m_LocalEulerAnglesHint: {x: 0, y: 0, z: 0}
  m_AnchorMin: {x: 0, y: 0}
  m_AnchorMax: {x: 1, y: 1}
  m_AnchoredPosition: {x: 0, y: 0}
  m_SizeDelta: {x: 0, y: 0}
  m_Pivot: {x: 0.5, y: 0.5}
--- !u!222 &1454524307765505664
CanvasRenderer:
  m_ObjectHideFlags: 0
  m_CorrespondingSourceObject: {fileID: 0}
  m_PrefabInstance: {fileID: 0}
  m_PrefabAsset: {fileID: 0}
  m_GameObject: {fileID: 1454524307765505671}
  m_CullTransparentMesh: 0
--- !u!114 &1454524307765505665
MonoBehaviour:
  m_ObjectHideFlags: 0
  m_CorrespondingSourceObject: {fileID: 0}
  m_PrefabInstance: {fileID: 0}
  m_PrefabAsset: {fileID: 0}
  m_GameObject: {fileID: 1454524307765505671}
  m_Enabled: 1
  m_EditorHideFlags: 0
  m_Script: {fileID: 11500000, guid: fe87c0e1cc204ed48ad3b37840f39efc, type: 3}
  m_Name: 
  m_EditorClassIdentifier: 
  m_Material: {fileID: 0}
  m_Color: {r: 0, g: 0, b: 0, a: 0.19607843}
  m_RaycastTarget: 1
  m_OnCullStateChanged:
    m_PersistentCalls:
      m_Calls: []
  m_Sprite: {fileID: 0}
  m_Type: 0
  m_PreserveAspect: 0
  m_FillCenter: 1
  m_FillMethod: 4
  m_FillAmount: 1
  m_FillClockwise: 1
  m_FillOrigin: 0
  m_UseSpriteMesh: 0
  m_PixelsPerUnitMultiplier: 1
--- !u!1 &1454524308205704394
GameObject:
  m_ObjectHideFlags: 0
  m_CorrespondingSourceObject: {fileID: 0}
  m_PrefabInstance: {fileID: 0}
  m_PrefabAsset: {fileID: 0}
  serializedVersion: 6
  m_Component:
  - component: {fileID: 1454524308205704389}
  - component: {fileID: 1454524308205704390}
  - component: {fileID: 1454524308205704391}
  - component: {fileID: 1454524308205704388}
  m_Layer: 5
  m_Name: yes_btn
  m_TagString: Untagged
  m_Icon: {fileID: 0}
  m_NavMeshLayer: 0
  m_StaticEditorFlags: 0
  m_IsActive: 1
--- !u!224 &1454524308205704389
RectTransform:
  m_ObjectHideFlags: 0
  m_CorrespondingSourceObject: {fileID: 0}
  m_PrefabInstance: {fileID: 0}
  m_PrefabAsset: {fileID: 0}
  m_GameObject: {fileID: 1454524308205704394}
  m_LocalRotation: {x: -0, y: -0, z: -0, w: 1}
  m_LocalPosition: {x: 0, y: 0, z: 0}
  m_LocalScale: {x: 1, y: 1, z: 1}
  m_Children:
  - {fileID: 1454524307654297112}
  m_Father: {fileID: 880139715392646606}
  m_RootOrder: 3
  m_LocalEulerAnglesHint: {x: 0, y: 0, z: 0}
  m_AnchorMin: {x: 0, y: 0}
  m_AnchorMax: {x: 0, y: 0}
  m_AnchoredPosition: {x: -337.94998, y: -149.09998}
  m_SizeDelta: {x: 387.5, y: 126.7}
  m_Pivot: {x: 0, y: 0}
--- !u!222 &1454524308205704390
CanvasRenderer:
  m_ObjectHideFlags: 0
  m_CorrespondingSourceObject: {fileID: 0}
  m_PrefabInstance: {fileID: 0}
  m_PrefabAsset: {fileID: 0}
  m_GameObject: {fileID: 1454524308205704394}
  m_CullTransparentMesh: 0
--- !u!114 &1454524308205704391
MonoBehaviour:
  m_ObjectHideFlags: 0
  m_CorrespondingSourceObject: {fileID: 0}
  m_PrefabInstance: {fileID: 0}
  m_PrefabAsset: {fileID: 0}
  m_GameObject: {fileID: 1454524308205704394}
  m_Enabled: 1
  m_EditorHideFlags: 0
  m_Script: {fileID: 11500000, guid: fe87c0e1cc204ed48ad3b37840f39efc, type: 3}
  m_Name: 
  m_EditorClassIdentifier: 
  m_Material: {fileID: 2100000, guid: 28dfdd34518f8574881266cc4d1421bf, type: 2}
  m_Color: {r: 1, g: 1, b: 1, a: 1}
  m_RaycastTarget: 1
  m_OnCullStateChanged:
    m_PersistentCalls:
      m_Calls: []
  m_Sprite: {fileID: 3455024367823796056, guid: 85a81c4b4568f974ab522cf44660fcdb,
    type: 3}
  m_Type: 1
  m_PreserveAspect: 0
  m_FillCenter: 1
  m_FillMethod: 4
  m_FillAmount: 1
  m_FillClockwise: 1
  m_FillOrigin: 0
  m_UseSpriteMesh: 0
  m_PixelsPerUnitMultiplier: 1
--- !u!114 &1454524308205704388
MonoBehaviour:
  m_ObjectHideFlags: 0
  m_CorrespondingSourceObject: {fileID: 0}
  m_PrefabInstance: {fileID: 0}
  m_PrefabAsset: {fileID: 0}
  m_GameObject: {fileID: 1454524308205704394}
  m_Enabled: 1
  m_EditorHideFlags: 0
  m_Script: {fileID: 11500000, guid: 4e29b1a8efbd4b44bb3f3716e73f07ff, type: 3}
  m_Name: 
  m_EditorClassIdentifier: 
  m_Navigation:
    m_Mode: 3
    m_SelectOnUp: {fileID: 0}
    m_SelectOnDown: {fileID: 0}
    m_SelectOnLeft: {fileID: 0}
    m_SelectOnRight: {fileID: 0}
  m_Transition: 1
  m_Colors:
    m_NormalColor: {r: 1, g: 1, b: 1, a: 1}
    m_HighlightedColor: {r: 0.9607843, g: 0.9607843, b: 0.9607843, a: 1}
    m_PressedColor: {r: 0.7882353, g: 0.85882354, b: 1, a: 0.15686275}
    m_SelectedColor: {r: 0.9607843, g: 0.9607843, b: 0.9607843, a: 1}
    m_DisabledColor: {r: 0.78431374, g: 0.78431374, b: 0.78431374, a: 0.5019608}
    m_ColorMultiplier: 1
    m_FadeDuration: 0.1
  m_SpriteState:
    m_HighlightedSprite: {fileID: 0}
    m_PressedSprite: {fileID: 0}
    m_SelectedSprite: {fileID: 0}
    m_DisabledSprite: {fileID: 0}
  m_AnimationTriggers:
    m_NormalTrigger: Normal
    m_HighlightedTrigger: Highlighted
    m_PressedTrigger: Pressed
    m_SelectedTrigger: Selected
    m_DisabledTrigger: Disabled
  m_Interactable: 1
  m_TargetGraphic: {fileID: 1454524308205704391}
  m_OnClick:
    m_PersistentCalls:
      m_Calls:
      - m_Target: {fileID: 0}
        m_MethodName: SwitchPanels
        m_Mode: 1
        m_Arguments:
          m_ObjectArgument: {fileID: 0}
          m_ObjectArgumentAssemblyTypeName: UnityEngine.Object, UnityEngine
          m_IntArgument: 0
          m_FloatArgument: 0
          m_StringArgument: 
          m_BoolArgument: 0
        m_CallState: 2
--- !u!1 &1454524308462799902
GameObject:
  m_ObjectHideFlags: 0
  m_CorrespondingSourceObject: {fileID: 0}
  m_PrefabInstance: {fileID: 0}
  m_PrefabAsset: {fileID: 0}
  serializedVersion: 6
  m_Component:
  - component: {fileID: 1454524308462799897}
  - component: {fileID: 1454524308462799899}
  - component: {fileID: 1454524308462799896}
  m_Layer: 5
  m_Name: BG
  m_TagString: Untagged
  m_Icon: {fileID: 0}
  m_NavMeshLayer: 0
  m_StaticEditorFlags: 0
  m_IsActive: 1
--- !u!224 &1454524308462799897
RectTransform:
  m_ObjectHideFlags: 0
  m_CorrespondingSourceObject: {fileID: 0}
  m_PrefabInstance: {fileID: 0}
  m_PrefabAsset: {fileID: 0}
  m_GameObject: {fileID: 1454524308462799902}
  m_LocalRotation: {x: 0, y: 0, z: 0, w: 1}
  m_LocalPosition: {x: 0, y: 0, z: 0}
  m_LocalScale: {x: 1, y: 1, z: 1}
  m_Children:
  - {fileID: 880139715392646606}
  - {fileID: 3119918892252164675}
  - {fileID: 175509174}
  - {fileID: 390704487}
  m_Father: {fileID: 1454524307765505670}
  m_RootOrder: 0
  m_LocalEulerAnglesHint: {x: 0, y: 0, z: 0}
  m_AnchorMin: {x: 0.5, y: 0.5}
  m_AnchorMax: {x: 0.5, y: 0.5}
  m_AnchoredPosition: {x: 0, y: -0.0000038146973}
  m_SizeDelta: {x: 775.9, y: 398.2}
  m_Pivot: {x: 0.5, y: 0.5}
--- !u!222 &1454524308462799899
CanvasRenderer:
  m_ObjectHideFlags: 0
  m_CorrespondingSourceObject: {fileID: 0}
  m_PrefabInstance: {fileID: 0}
  m_PrefabAsset: {fileID: 0}
  m_GameObject: {fileID: 1454524308462799902}
  m_CullTransparentMesh: 0
--- !u!114 &1454524308462799896
MonoBehaviour:
  m_ObjectHideFlags: 0
  m_CorrespondingSourceObject: {fileID: 0}
  m_PrefabInstance: {fileID: 0}
  m_PrefabAsset: {fileID: 0}
  m_GameObject: {fileID: 1454524308462799902}
  m_Enabled: 1
  m_EditorHideFlags: 0
  m_Script: {fileID: 11500000, guid: fe87c0e1cc204ed48ad3b37840f39efc, type: 3}
  m_Name: 
  m_EditorClassIdentifier: 
  m_Material: {fileID: 0}
  m_Color: {r: 1, g: 1, b: 1, a: 1}
  m_RaycastTarget: 1
  m_OnCullStateChanged:
    m_PersistentCalls:
      m_Calls: []
  m_Sprite: {fileID: 3455024367823796056, guid: 85a81c4b4568f974ab522cf44660fcdb,
    type: 3}
  m_Type: 1
  m_PreserveAspect: 0
  m_FillCenter: 1
  m_FillMethod: 4
  m_FillAmount: 1
  m_FillClockwise: 1
  m_FillOrigin: 0
  m_UseSpriteMesh: 0
  m_PixelsPerUnitMultiplier: 1
--- !u!1 &3418962667950420173
GameObject:
  m_ObjectHideFlags: 0
  m_CorrespondingSourceObject: {fileID: 0}
  m_PrefabInstance: {fileID: 0}
  m_PrefabAsset: {fileID: 0}
  serializedVersion: 6
  m_Component:
  - component: {fileID: 880139715392646606}
  m_Layer: 5
  m_Name: ConfirmPanel
  m_TagString: Untagged
  m_Icon: {fileID: 0}
  m_NavMeshLayer: 0
  m_StaticEditorFlags: 0
  m_IsActive: 0
--- !u!224 &880139715392646606
RectTransform:
  m_ObjectHideFlags: 0
  m_CorrespondingSourceObject: {fileID: 0}
  m_PrefabInstance: {fileID: 0}
  m_PrefabAsset: {fileID: 0}
  m_GameObject: {fileID: 3418962667950420173}
  m_LocalRotation: {x: 0, y: 0, z: 0, w: 1}
  m_LocalPosition: {x: 0, y: 0, z: 0}
  m_LocalScale: {x: 1, y: 1, z: 1}
  m_Children:
  - {fileID: 1454524307383147479}
  - {fileID: 5252960683251739968}
  - {fileID: 5252960681979148907}
  - {fileID: 1454524308205704389}
  - {fileID: 1454524307397364785}
  m_Father: {fileID: 1454524308462799897}
  m_RootOrder: 0
  m_LocalEulerAnglesHint: {x: 0, y: 0, z: 0}
  m_AnchorMin: {x: 0.5, y: 0.5}
  m_AnchorMax: {x: 0.5, y: 0.5}
  m_AnchoredPosition: {x: 0, y: 0}
  m_SizeDelta: {x: 100, y: 100}
  m_Pivot: {x: 0.5, y: 0.5}
--- !u!1 &6511352638886185196
GameObject:
  m_ObjectHideFlags: 0
  m_CorrespondingSourceObject: {fileID: 0}
  m_PrefabInstance: {fileID: 0}
  m_PrefabAsset: {fileID: 0}
  serializedVersion: 6
  m_Component:
  - component: {fileID: 3636238788672083342}
  - component: {fileID: 1760741075995416871}
  - component: {fileID: 1029910351125592547}
  m_Layer: 5
  m_Name: Image
  m_TagString: Untagged
  m_Icon: {fileID: 0}
  m_NavMeshLayer: 0
  m_StaticEditorFlags: 0
  m_IsActive: 1
--- !u!224 &3636238788672083342
RectTransform:
  m_ObjectHideFlags: 0
  m_CorrespondingSourceObject: {fileID: 0}
  m_PrefabInstance: {fileID: 0}
  m_PrefabAsset: {fileID: 0}
  m_GameObject: {fileID: 6511352638886185196}
  m_LocalRotation: {x: -0, y: -0, z: -0, w: 1}
  m_LocalPosition: {x: 0, y: 0, z: 0}
  m_LocalScale: {x: 1, y: 1, z: 1}
  m_Children: []
  m_Father: {fileID: 3119918892252164675}
  m_RootOrder: 0
  m_LocalEulerAnglesHint: {x: 0, y: 0, z: 0}
  m_AnchorMin: {x: 0, y: 0}
  m_AnchorMax: {x: 1, y: 0}
  m_AnchoredPosition: {x: 0, y: -149.09998}
  m_SizeDelta: {x: 675.9, y: 126.7}
  m_Pivot: {x: 0.5, y: 0}
--- !u!222 &1760741075995416871
CanvasRenderer:
  m_ObjectHideFlags: 0
  m_CorrespondingSourceObject: {fileID: 0}
  m_PrefabInstance: {fileID: 0}
  m_PrefabAsset: {fileID: 0}
  m_GameObject: {fileID: 6511352638886185196}
  m_CullTransparentMesh: 0
--- !u!114 &1029910351125592547
MonoBehaviour:
  m_ObjectHideFlags: 0
  m_CorrespondingSourceObject: {fileID: 0}
  m_PrefabInstance: {fileID: 0}
  m_PrefabAsset: {fileID: 0}
  m_GameObject: {fileID: 6511352638886185196}
  m_Enabled: 1
  m_EditorHideFlags: 0
  m_Script: {fileID: 11500000, guid: fe87c0e1cc204ed48ad3b37840f39efc, type: 3}
  m_Name: 
  m_EditorClassIdentifier: 
  m_Material: {fileID: 2100000, guid: 28dfdd34518f8574881266cc4d1421bf, type: 2}
  m_Color: {r: 1, g: 1, b: 1, a: 1}
  m_RaycastTarget: 1
  m_OnCullStateChanged:
    m_PersistentCalls:
      m_Calls: []
  m_Sprite: {fileID: 3455024367823796056, guid: 85a81c4b4568f974ab522cf44660fcdb,
    type: 3}
  m_Type: 1
  m_PreserveAspect: 0
  m_FillCenter: 1
  m_FillMethod: 4
  m_FillAmount: 1
  m_FillClockwise: 1
  m_FillOrigin: 0
  m_UseSpriteMesh: 0
  m_PixelsPerUnitMultiplier: 1
--- !u!1 &7715809470776245404
GameObject:
  m_ObjectHideFlags: 0
  m_CorrespondingSourceObject: {fileID: 0}
  m_PrefabInstance: {fileID: 0}
  m_PrefabAsset: {fileID: 0}
  serializedVersion: 6
  m_Component:
  - component: {fileID: 9000377786914667082}
  - component: {fileID: 755688929532440668}
  - component: {fileID: 2288840785076301321}
  m_Layer: 5
  m_Name: Image
  m_TagString: Untagged
  m_Icon: {fileID: 0}
  m_NavMeshLayer: 0
  m_StaticEditorFlags: 0
  m_IsActive: 1
--- !u!224 &9000377786914667082
RectTransform:
  m_ObjectHideFlags: 0
  m_CorrespondingSourceObject: {fileID: 0}
  m_PrefabInstance: {fileID: 0}
  m_PrefabAsset: {fileID: 0}
  m_GameObject: {fileID: 7715809470776245404}
  m_LocalRotation: {x: 0, y: 0, z: 0, w: 1}
  m_LocalPosition: {x: 0, y: 0, z: 0}
  m_LocalScale: {x: 1, y: 1, z: 1}
  m_Children: []
  m_Father: {fileID: 3119918892252164675}
  m_RootOrder: 3
  m_LocalEulerAnglesHint: {x: 0, y: 0, z: 0}
  m_AnchorMin: {x: 0.5, y: 0}
  m_AnchorMax: {x: 0.5, y: 0}
  m_AnchoredPosition: {x: 0, y: 100}
  m_SizeDelta: {x: 116.1, y: 116.1}
  m_Pivot: {x: 0.5, y: 0.5}
--- !u!222 &755688929532440668
CanvasRenderer:
  m_ObjectHideFlags: 0
  m_CorrespondingSourceObject: {fileID: 0}
  m_PrefabInstance: {fileID: 0}
  m_PrefabAsset: {fileID: 0}
  m_GameObject: {fileID: 7715809470776245404}
  m_CullTransparentMesh: 0
--- !u!114 &2288840785076301321
MonoBehaviour:
  m_ObjectHideFlags: 0
  m_CorrespondingSourceObject: {fileID: 0}
  m_PrefabInstance: {fileID: 0}
  m_PrefabAsset: {fileID: 0}
  m_GameObject: {fileID: 7715809470776245404}
  m_Enabled: 1
  m_EditorHideFlags: 0
  m_Script: {fileID: 11500000, guid: fe87c0e1cc204ed48ad3b37840f39efc, type: 3}
  m_Name: 
  m_EditorClassIdentifier: 
  m_Material: {fileID: 2100000, guid: a4de9eede19f48a418f9c10cd44666fe, type: 2}
  m_Color: {r: 1, g: 1, b: 1, a: 1}
  m_RaycastTarget: 1
  m_OnCullStateChanged:
    m_PersistentCalls:
      m_Calls: []
  m_Sprite: {fileID: 8752697691593244962, guid: 85a81c4b4568f974ab522cf44660fcdb,
    type: 3}
  m_Type: 0
  m_PreserveAspect: 0
  m_FillCenter: 1
  m_FillMethod: 4
  m_FillAmount: 1
  m_FillClockwise: 1
  m_FillOrigin: 0
  m_UseSpriteMesh: 0
  m_PixelsPerUnitMultiplier: 1
--- !u!1 &8970680727224133638
GameObject:
  m_ObjectHideFlags: 0
  m_CorrespondingSourceObject: {fileID: 0}
  m_PrefabInstance: {fileID: 0}
  m_PrefabAsset: {fileID: 0}
  serializedVersion: 6
  m_Component:
  - component: {fileID: 3119918892252164675}
  m_Layer: 5
  m_Name: LoadingPanel
  m_TagString: Untagged
  m_Icon: {fileID: 0}
  m_NavMeshLayer: 0
  m_StaticEditorFlags: 0
  m_IsActive: 0
--- !u!224 &3119918892252164675
RectTransform:
  m_ObjectHideFlags: 0
  m_CorrespondingSourceObject: {fileID: 0}
  m_PrefabInstance: {fileID: 0}
  m_PrefabAsset: {fileID: 0}
  m_GameObject: {fileID: 8970680727224133638}
  m_LocalRotation: {x: 0, y: 0, z: 0, w: 1}
  m_LocalPosition: {x: 0, y: 0, z: 0}
  m_LocalScale: {x: 1, y: 1, z: 1}
  m_Children:
  - {fileID: 3636238788672083342}
  - {fileID: 1933285008125378363}
  - {fileID: 6691166396254181778}
  - {fileID: 9000377786914667082}
  m_Father: {fileID: 1454524308462799897}
  m_RootOrder: 1
  m_LocalEulerAnglesHint: {x: 0, y: 0, z: 0}
  m_AnchorMin: {x: 0.5, y: 0.5}
  m_AnchorMax: {x: 0.5, y: 0.5}
  m_AnchoredPosition: {x: 0, y: 0}
  m_SizeDelta: {x: 100, y: 100}
  m_Pivot: {x: 0.5, y: 0.5}
--- !u!1001 &5081585582150088
PrefabInstance:
  m_ObjectHideFlags: 0
  serializedVersion: 2
  m_Modification:
    m_TransformParent: {fileID: 3119918892252164675}
    m_Modifications:
    - target: {fileID: 6686088212353894489, guid: c9b4c5f924e9cb0409cb0033d2a48837,
        type: 3}
      propertyPath: m_Name
      value: Sub_Txt-12R
      objectReference: {fileID: 0}
    - target: {fileID: 6686088212353894489, guid: c9b4c5f924e9cb0409cb0033d2a48837,
        type: 3}
      propertyPath: m_IsActive
      value: 0
      objectReference: {fileID: 0}
    - target: {fileID: 6686088212353894490, guid: c9b4c5f924e9cb0409cb0033d2a48837,
        type: 3}
      propertyPath: m_LocalPosition.x
      value: 0
      objectReference: {fileID: 0}
    - target: {fileID: 6686088212353894490, guid: c9b4c5f924e9cb0409cb0033d2a48837,
        type: 3}
      propertyPath: m_LocalPosition.y
      value: 0
      objectReference: {fileID: 0}
    - target: {fileID: 6686088212353894490, guid: c9b4c5f924e9cb0409cb0033d2a48837,
        type: 3}
      propertyPath: m_LocalPosition.z
      value: 0
      objectReference: {fileID: 0}
    - target: {fileID: 6686088212353894490, guid: c9b4c5f924e9cb0409cb0033d2a48837,
        type: 3}
      propertyPath: m_LocalRotation.x
      value: -0
      objectReference: {fileID: 0}
    - target: {fileID: 6686088212353894490, guid: c9b4c5f924e9cb0409cb0033d2a48837,
        type: 3}
      propertyPath: m_LocalRotation.y
      value: -0
      objectReference: {fileID: 0}
    - target: {fileID: 6686088212353894490, guid: c9b4c5f924e9cb0409cb0033d2a48837,
        type: 3}
      propertyPath: m_LocalRotation.z
      value: -0
      objectReference: {fileID: 0}
    - target: {fileID: 6686088212353894490, guid: c9b4c5f924e9cb0409cb0033d2a48837,
        type: 3}
      propertyPath: m_LocalRotation.w
      value: 1
      objectReference: {fileID: 0}
    - target: {fileID: 6686088212353894490, guid: c9b4c5f924e9cb0409cb0033d2a48837,
        type: 3}
      propertyPath: m_RootOrder
      value: 2
      objectReference: {fileID: 0}
    - target: {fileID: 6686088212353894490, guid: c9b4c5f924e9cb0409cb0033d2a48837,
        type: 3}
      propertyPath: m_LocalEulerAnglesHint.x
      value: 0
      objectReference: {fileID: 0}
    - target: {fileID: 6686088212353894490, guid: c9b4c5f924e9cb0409cb0033d2a48837,
        type: 3}
      propertyPath: m_LocalEulerAnglesHint.y
      value: 0
      objectReference: {fileID: 0}
    - target: {fileID: 6686088212353894490, guid: c9b4c5f924e9cb0409cb0033d2a48837,
        type: 3}
      propertyPath: m_LocalEulerAnglesHint.z
      value: 0
      objectReference: {fileID: 0}
    - target: {fileID: 6686088212353894490, guid: c9b4c5f924e9cb0409cb0033d2a48837,
        type: 3}
      propertyPath: m_AnchoredPosition.x
      value: 0
      objectReference: {fileID: 0}
    - target: {fileID: 6686088212353894490, guid: c9b4c5f924e9cb0409cb0033d2a48837,
        type: 3}
      propertyPath: m_AnchoredPosition.y
      value: -67
      objectReference: {fileID: 0}
    - target: {fileID: 6686088212353894490, guid: c9b4c5f924e9cb0409cb0033d2a48837,
        type: 3}
      propertyPath: m_SizeDelta.x
      value: 693.63
      objectReference: {fileID: 0}
    - target: {fileID: 6686088212353894490, guid: c9b4c5f924e9cb0409cb0033d2a48837,
        type: 3}
      propertyPath: m_SizeDelta.y
      value: 141.9
      objectReference: {fileID: 0}
    - target: {fileID: 6686088212353894490, guid: c9b4c5f924e9cb0409cb0033d2a48837,
        type: 3}
      propertyPath: m_AnchorMin.x
      value: 0.5
      objectReference: {fileID: 0}
    - target: {fileID: 6686088212353894490, guid: c9b4c5f924e9cb0409cb0033d2a48837,
        type: 3}
      propertyPath: m_AnchorMin.y
      value: 0.5
      objectReference: {fileID: 0}
    - target: {fileID: 6686088212353894490, guid: c9b4c5f924e9cb0409cb0033d2a48837,
        type: 3}
      propertyPath: m_AnchorMax.x
      value: 0.5
      objectReference: {fileID: 0}
    - target: {fileID: 6686088212353894490, guid: c9b4c5f924e9cb0409cb0033d2a48837,
        type: 3}
      propertyPath: m_AnchorMax.y
      value: 0.5
      objectReference: {fileID: 0}
    - target: {fileID: 6686088212353894490, guid: c9b4c5f924e9cb0409cb0033d2a48837,
        type: 3}
      propertyPath: m_Pivot.x
      value: 0.5
      objectReference: {fileID: 0}
    - target: {fileID: 6686088212353894490, guid: c9b4c5f924e9cb0409cb0033d2a48837,
        type: 3}
      propertyPath: m_Pivot.y
      value: 0.5
      objectReference: {fileID: 0}
    - target: {fileID: 6686088212353894491, guid: c9b4c5f924e9cb0409cb0033d2a48837,
        type: 3}
      propertyPath: m_FontData.m_Font
      value: 
      objectReference: {fileID: 12800000, guid: ad67dddc066788943997a336af528f28,
        type: 3}
    - target: {fileID: 6686088212353894491, guid: c9b4c5f924e9cb0409cb0033d2a48837,
        type: 3}
      propertyPath: m_Text
      value: You will lose your target images and medias.
      objectReference: {fileID: 0}
    - target: {fileID: 6686088212353894491, guid: c9b4c5f924e9cb0409cb0033d2a48837,
        type: 3}
      propertyPath: m_Material
      value: 
      objectReference: {fileID: 2100000, guid: fab7c3164a782aa4a8bf5b48aa7164c3, type: 2}
    - target: {fileID: 6686088212353894491, guid: c9b4c5f924e9cb0409cb0033d2a48837,
        type: 3}
      propertyPath: m_FontData.m_FontSize
      value: 30
      objectReference: {fileID: 0}
    - target: {fileID: 6686088212353894491, guid: c9b4c5f924e9cb0409cb0033d2a48837,
        type: 3}
      propertyPath: m_FontData.m_MaxSize
      value: 48
      objectReference: {fileID: 0}
    m_RemovedComponents: []
  m_SourcePrefab: {fileID: 100100000, guid: c9b4c5f924e9cb0409cb0033d2a48837, type: 3}
--- !u!224 &6691166396254181778 stripped
RectTransform:
  m_CorrespondingSourceObject: {fileID: 6686088212353894490, guid: c9b4c5f924e9cb0409cb0033d2a48837,
    type: 3}
  m_PrefabInstance: {fileID: 5081585582150088}
  m_PrefabAsset: {fileID: 0}
--- !u!1001 &871973078750014012
PrefabInstance:
  m_ObjectHideFlags: 0
  serializedVersion: 2
  m_Modification:
    m_TransformParent: {fileID: 390704487}
    m_Modifications:
    - target: {fileID: 6686088212353894489, guid: c9b4c5f924e9cb0409cb0033d2a48837,
        type: 3}
      propertyPath: m_Name
      value: Sub_Txt-12R
      objectReference: {fileID: 0}
    - target: {fileID: 6686088212353894489, guid: c9b4c5f924e9cb0409cb0033d2a48837,
        type: 3}
      propertyPath: m_IsActive
      value: 0
      objectReference: {fileID: 0}
    - target: {fileID: 6686088212353894490, guid: c9b4c5f924e9cb0409cb0033d2a48837,
        type: 3}
      propertyPath: m_LocalPosition.x
      value: 0
      objectReference: {fileID: 0}
    - target: {fileID: 6686088212353894490, guid: c9b4c5f924e9cb0409cb0033d2a48837,
        type: 3}
      propertyPath: m_LocalPosition.y
      value: 0
      objectReference: {fileID: 0}
    - target: {fileID: 6686088212353894490, guid: c9b4c5f924e9cb0409cb0033d2a48837,
        type: 3}
      propertyPath: m_LocalPosition.z
      value: 0
      objectReference: {fileID: 0}
    - target: {fileID: 6686088212353894490, guid: c9b4c5f924e9cb0409cb0033d2a48837,
        type: 3}
      propertyPath: m_LocalRotation.x
      value: -0
      objectReference: {fileID: 0}
    - target: {fileID: 6686088212353894490, guid: c9b4c5f924e9cb0409cb0033d2a48837,
        type: 3}
      propertyPath: m_LocalRotation.y
      value: -0
      objectReference: {fileID: 0}
    - target: {fileID: 6686088212353894490, guid: c9b4c5f924e9cb0409cb0033d2a48837,
        type: 3}
      propertyPath: m_LocalRotation.z
      value: -0
      objectReference: {fileID: 0}
    - target: {fileID: 6686088212353894490, guid: c9b4c5f924e9cb0409cb0033d2a48837,
        type: 3}
      propertyPath: m_LocalRotation.w
      value: 1
      objectReference: {fileID: 0}
    - target: {fileID: 6686088212353894490, guid: c9b4c5f924e9cb0409cb0033d2a48837,
        type: 3}
      propertyPath: m_RootOrder
      value: 2
      objectReference: {fileID: 0}
    - target: {fileID: 6686088212353894490, guid: c9b4c5f924e9cb0409cb0033d2a48837,
        type: 3}
      propertyPath: m_LocalEulerAnglesHint.x
      value: 0
      objectReference: {fileID: 0}
    - target: {fileID: 6686088212353894490, guid: c9b4c5f924e9cb0409cb0033d2a48837,
        type: 3}
      propertyPath: m_LocalEulerAnglesHint.y
      value: 0
      objectReference: {fileID: 0}
    - target: {fileID: 6686088212353894490, guid: c9b4c5f924e9cb0409cb0033d2a48837,
        type: 3}
      propertyPath: m_LocalEulerAnglesHint.z
      value: 0
      objectReference: {fileID: 0}
    - target: {fileID: 6686088212353894490, guid: c9b4c5f924e9cb0409cb0033d2a48837,
        type: 3}
      propertyPath: m_AnchoredPosition.x
      value: 0
      objectReference: {fileID: 0}
    - target: {fileID: 6686088212353894490, guid: c9b4c5f924e9cb0409cb0033d2a48837,
        type: 3}
      propertyPath: m_AnchoredPosition.y
      value: -67
      objectReference: {fileID: 0}
    - target: {fileID: 6686088212353894490, guid: c9b4c5f924e9cb0409cb0033d2a48837,
        type: 3}
      propertyPath: m_SizeDelta.x
      value: 693.63
      objectReference: {fileID: 0}
    - target: {fileID: 6686088212353894490, guid: c9b4c5f924e9cb0409cb0033d2a48837,
        type: 3}
      propertyPath: m_SizeDelta.y
      value: 141.9
      objectReference: {fileID: 0}
    - target: {fileID: 6686088212353894490, guid: c9b4c5f924e9cb0409cb0033d2a48837,
        type: 3}
      propertyPath: m_AnchorMin.x
      value: 0.5
      objectReference: {fileID: 0}
    - target: {fileID: 6686088212353894490, guid: c9b4c5f924e9cb0409cb0033d2a48837,
        type: 3}
      propertyPath: m_AnchorMin.y
      value: 0.5
      objectReference: {fileID: 0}
    - target: {fileID: 6686088212353894490, guid: c9b4c5f924e9cb0409cb0033d2a48837,
        type: 3}
      propertyPath: m_AnchorMax.x
      value: 0.5
      objectReference: {fileID: 0}
    - target: {fileID: 6686088212353894490, guid: c9b4c5f924e9cb0409cb0033d2a48837,
        type: 3}
      propertyPath: m_AnchorMax.y
      value: 0.5
      objectReference: {fileID: 0}
    - target: {fileID: 6686088212353894490, guid: c9b4c5f924e9cb0409cb0033d2a48837,
        type: 3}
      propertyPath: m_Pivot.x
      value: 0.5
      objectReference: {fileID: 0}
    - target: {fileID: 6686088212353894490, guid: c9b4c5f924e9cb0409cb0033d2a48837,
        type: 3}
      propertyPath: m_Pivot.y
      value: 0.5
      objectReference: {fileID: 0}
    - target: {fileID: 6686088212353894491, guid: c9b4c5f924e9cb0409cb0033d2a48837,
        type: 3}
      propertyPath: m_FontData.m_Font
      value: 
      objectReference: {fileID: 12800000, guid: ad67dddc066788943997a336af528f28,
        type: 3}
    - target: {fileID: 6686088212353894491, guid: c9b4c5f924e9cb0409cb0033d2a48837,
        type: 3}
      propertyPath: m_Text
      value: You will lose your target images and medias.
      objectReference: {fileID: 0}
    - target: {fileID: 6686088212353894491, guid: c9b4c5f924e9cb0409cb0033d2a48837,
        type: 3}
      propertyPath: m_Material
      value: 
      objectReference: {fileID: 2100000, guid: fab7c3164a782aa4a8bf5b48aa7164c3, type: 2}
    - target: {fileID: 6686088212353894491, guid: c9b4c5f924e9cb0409cb0033d2a48837,
        type: 3}
      propertyPath: m_FontData.m_FontSize
      value: 30
      objectReference: {fileID: 0}
    - target: {fileID: 6686088212353894491, guid: c9b4c5f924e9cb0409cb0033d2a48837,
        type: 3}
      propertyPath: m_FontData.m_MaxSize
      value: 48
      objectReference: {fileID: 0}
    m_RemovedComponents: []
  m_SourcePrefab: {fileID: 100100000, guid: c9b4c5f924e9cb0409cb0033d2a48837, type: 3}
--- !u!224 &5823188588520464998 stripped
RectTransform:
  m_CorrespondingSourceObject: {fileID: 6686088212353894490, guid: c9b4c5f924e9cb0409cb0033d2a48837,
    type: 3}
  m_PrefabInstance: {fileID: 871973078750014012}
  m_PrefabAsset: {fileID: 0}
--- !u!1001 &871973078994218407
PrefabInstance:
  m_ObjectHideFlags: 0
  serializedVersion: 2
  m_Modification:
    m_TransformParent: {fileID: 175509174}
    m_Modifications:
    - target: {fileID: 6686088212353894489, guid: c9b4c5f924e9cb0409cb0033d2a48837,
        type: 3}
      propertyPath: m_Name
      value: Sub_Txt-12R
      objectReference: {fileID: 0}
    - target: {fileID: 6686088212353894489, guid: c9b4c5f924e9cb0409cb0033d2a48837,
        type: 3}
      propertyPath: m_IsActive
      value: 0
      objectReference: {fileID: 0}
    - target: {fileID: 6686088212353894490, guid: c9b4c5f924e9cb0409cb0033d2a48837,
        type: 3}
      propertyPath: m_LocalPosition.x
      value: 0
      objectReference: {fileID: 0}
    - target: {fileID: 6686088212353894490, guid: c9b4c5f924e9cb0409cb0033d2a48837,
        type: 3}
      propertyPath: m_LocalPosition.y
      value: 0
      objectReference: {fileID: 0}
    - target: {fileID: 6686088212353894490, guid: c9b4c5f924e9cb0409cb0033d2a48837,
        type: 3}
      propertyPath: m_LocalPosition.z
      value: 0
      objectReference: {fileID: 0}
    - target: {fileID: 6686088212353894490, guid: c9b4c5f924e9cb0409cb0033d2a48837,
        type: 3}
      propertyPath: m_LocalRotation.x
      value: -0
      objectReference: {fileID: 0}
    - target: {fileID: 6686088212353894490, guid: c9b4c5f924e9cb0409cb0033d2a48837,
        type: 3}
      propertyPath: m_LocalRotation.y
      value: -0
      objectReference: {fileID: 0}
    - target: {fileID: 6686088212353894490, guid: c9b4c5f924e9cb0409cb0033d2a48837,
        type: 3}
      propertyPath: m_LocalRotation.z
      value: -0
      objectReference: {fileID: 0}
    - target: {fileID: 6686088212353894490, guid: c9b4c5f924e9cb0409cb0033d2a48837,
        type: 3}
      propertyPath: m_LocalRotation.w
      value: 1
      objectReference: {fileID: 0}
    - target: {fileID: 6686088212353894490, guid: c9b4c5f924e9cb0409cb0033d2a48837,
        type: 3}
      propertyPath: m_RootOrder
      value: 2
      objectReference: {fileID: 0}
    - target: {fileID: 6686088212353894490, guid: c9b4c5f924e9cb0409cb0033d2a48837,
        type: 3}
      propertyPath: m_LocalEulerAnglesHint.x
      value: 0
      objectReference: {fileID: 0}
    - target: {fileID: 6686088212353894490, guid: c9b4c5f924e9cb0409cb0033d2a48837,
        type: 3}
      propertyPath: m_LocalEulerAnglesHint.y
      value: 0
      objectReference: {fileID: 0}
    - target: {fileID: 6686088212353894490, guid: c9b4c5f924e9cb0409cb0033d2a48837,
        type: 3}
      propertyPath: m_LocalEulerAnglesHint.z
      value: 0
      objectReference: {fileID: 0}
    - target: {fileID: 6686088212353894490, guid: c9b4c5f924e9cb0409cb0033d2a48837,
        type: 3}
      propertyPath: m_AnchoredPosition.x
      value: 0
      objectReference: {fileID: 0}
    - target: {fileID: 6686088212353894490, guid: c9b4c5f924e9cb0409cb0033d2a48837,
        type: 3}
      propertyPath: m_AnchoredPosition.y
      value: -67
      objectReference: {fileID: 0}
    - target: {fileID: 6686088212353894490, guid: c9b4c5f924e9cb0409cb0033d2a48837,
        type: 3}
      propertyPath: m_SizeDelta.x
      value: 693.63
      objectReference: {fileID: 0}
    - target: {fileID: 6686088212353894490, guid: c9b4c5f924e9cb0409cb0033d2a48837,
        type: 3}
      propertyPath: m_SizeDelta.y
      value: 141.9
      objectReference: {fileID: 0}
    - target: {fileID: 6686088212353894490, guid: c9b4c5f924e9cb0409cb0033d2a48837,
        type: 3}
      propertyPath: m_AnchorMin.x
      value: 0.5
      objectReference: {fileID: 0}
    - target: {fileID: 6686088212353894490, guid: c9b4c5f924e9cb0409cb0033d2a48837,
        type: 3}
      propertyPath: m_AnchorMin.y
      value: 0.5
      objectReference: {fileID: 0}
    - target: {fileID: 6686088212353894490, guid: c9b4c5f924e9cb0409cb0033d2a48837,
        type: 3}
      propertyPath: m_AnchorMax.x
      value: 0.5
      objectReference: {fileID: 0}
    - target: {fileID: 6686088212353894490, guid: c9b4c5f924e9cb0409cb0033d2a48837,
        type: 3}
      propertyPath: m_AnchorMax.y
      value: 0.5
      objectReference: {fileID: 0}
    - target: {fileID: 6686088212353894490, guid: c9b4c5f924e9cb0409cb0033d2a48837,
        type: 3}
      propertyPath: m_Pivot.x
      value: 0.5
      objectReference: {fileID: 0}
    - target: {fileID: 6686088212353894490, guid: c9b4c5f924e9cb0409cb0033d2a48837,
        type: 3}
      propertyPath: m_Pivot.y
      value: 0.5
      objectReference: {fileID: 0}
    - target: {fileID: 6686088212353894491, guid: c9b4c5f924e9cb0409cb0033d2a48837,
        type: 3}
      propertyPath: m_FontData.m_Font
      value: 
      objectReference: {fileID: 12800000, guid: ad67dddc066788943997a336af528f28,
        type: 3}
    - target: {fileID: 6686088212353894491, guid: c9b4c5f924e9cb0409cb0033d2a48837,
        type: 3}
      propertyPath: m_Text
      value: You will lose your target images and medias.
      objectReference: {fileID: 0}
    - target: {fileID: 6686088212353894491, guid: c9b4c5f924e9cb0409cb0033d2a48837,
        type: 3}
      propertyPath: m_Material
      value: 
      objectReference: {fileID: 2100000, guid: fab7c3164a782aa4a8bf5b48aa7164c3, type: 2}
    - target: {fileID: 6686088212353894491, guid: c9b4c5f924e9cb0409cb0033d2a48837,
        type: 3}
      propertyPath: m_FontData.m_FontSize
      value: 30
      objectReference: {fileID: 0}
    - target: {fileID: 6686088212353894491, guid: c9b4c5f924e9cb0409cb0033d2a48837,
        type: 3}
      propertyPath: m_FontData.m_MaxSize
      value: 48
      objectReference: {fileID: 0}
    m_RemovedComponents: []
  m_SourcePrefab: {fileID: 100100000, guid: c9b4c5f924e9cb0409cb0033d2a48837, type: 3}
--- !u!224 &5823188588696741373 stripped
RectTransform:
  m_CorrespondingSourceObject: {fileID: 6686088212353894490, guid: c9b4c5f924e9cb0409cb0033d2a48837,
    type: 3}
  m_PrefabInstance: {fileID: 871973078994218407}
  m_PrefabAsset: {fileID: 0}
--- !u!1001 &871973079537926432
PrefabInstance:
  m_ObjectHideFlags: 0
  serializedVersion: 2
  m_Modification:
    m_TransformParent: {fileID: 175509174}
    m_Modifications:
    - target: {fileID: 6686088212353894489, guid: c9b4c5f924e9cb0409cb0033d2a48837,
        type: 3}
      propertyPath: m_Name
      value: Sub_Txt-14R
      objectReference: {fileID: 0}
    - target: {fileID: 6686088212353894490, guid: c9b4c5f924e9cb0409cb0033d2a48837,
        type: 3}
      propertyPath: m_LocalPosition.x
      value: 0
      objectReference: {fileID: 0}
    - target: {fileID: 6686088212353894490, guid: c9b4c5f924e9cb0409cb0033d2a48837,
        type: 3}
      propertyPath: m_LocalPosition.y
      value: 0
      objectReference: {fileID: 0}
    - target: {fileID: 6686088212353894490, guid: c9b4c5f924e9cb0409cb0033d2a48837,
        type: 3}
      propertyPath: m_LocalPosition.z
      value: 0
      objectReference: {fileID: 0}
    - target: {fileID: 6686088212353894490, guid: c9b4c5f924e9cb0409cb0033d2a48837,
        type: 3}
      propertyPath: m_LocalRotation.x
      value: -0
      objectReference: {fileID: 0}
    - target: {fileID: 6686088212353894490, guid: c9b4c5f924e9cb0409cb0033d2a48837,
        type: 3}
      propertyPath: m_LocalRotation.y
      value: -0
      objectReference: {fileID: 0}
    - target: {fileID: 6686088212353894490, guid: c9b4c5f924e9cb0409cb0033d2a48837,
        type: 3}
      propertyPath: m_LocalRotation.z
      value: -0
      objectReference: {fileID: 0}
    - target: {fileID: 6686088212353894490, guid: c9b4c5f924e9cb0409cb0033d2a48837,
        type: 3}
      propertyPath: m_LocalRotation.w
      value: 1
      objectReference: {fileID: 0}
    - target: {fileID: 6686088212353894490, guid: c9b4c5f924e9cb0409cb0033d2a48837,
        type: 3}
      propertyPath: m_RootOrder
      value: 1
      objectReference: {fileID: 0}
    - target: {fileID: 6686088212353894490, guid: c9b4c5f924e9cb0409cb0033d2a48837,
        type: 3}
      propertyPath: m_LocalEulerAnglesHint.x
      value: 0
      objectReference: {fileID: 0}
    - target: {fileID: 6686088212353894490, guid: c9b4c5f924e9cb0409cb0033d2a48837,
        type: 3}
      propertyPath: m_LocalEulerAnglesHint.y
      value: 0
      objectReference: {fileID: 0}
    - target: {fileID: 6686088212353894490, guid: c9b4c5f924e9cb0409cb0033d2a48837,
        type: 3}
      propertyPath: m_LocalEulerAnglesHint.z
      value: 0
      objectReference: {fileID: 0}
    - target: {fileID: 6686088212353894490, guid: c9b4c5f924e9cb0409cb0033d2a48837,
        type: 3}
      propertyPath: m_AnchoredPosition.x
      value: 0
      objectReference: {fileID: 0}
    - target: {fileID: 6686088212353894490, guid: c9b4c5f924e9cb0409cb0033d2a48837,
        type: 3}
      propertyPath: m_AnchoredPosition.y
      value: -126
      objectReference: {fileID: 0}
    - target: {fileID: 6686088212353894490, guid: c9b4c5f924e9cb0409cb0033d2a48837,
        type: 3}
      propertyPath: m_SizeDelta.x
      value: 731.4
      objectReference: {fileID: 0}
    - target: {fileID: 6686088212353894490, guid: c9b4c5f924e9cb0409cb0033d2a48837,
        type: 3}
      propertyPath: m_SizeDelta.y
      value: 126
      objectReference: {fileID: 0}
    - target: {fileID: 6686088212353894490, guid: c9b4c5f924e9cb0409cb0033d2a48837,
        type: 3}
      propertyPath: m_AnchorMin.x
      value: 0.5
      objectReference: {fileID: 0}
    - target: {fileID: 6686088212353894490, guid: c9b4c5f924e9cb0409cb0033d2a48837,
        type: 3}
      propertyPath: m_AnchorMin.y
      value: 0
      objectReference: {fileID: 0}
    - target: {fileID: 6686088212353894490, guid: c9b4c5f924e9cb0409cb0033d2a48837,
        type: 3}
      propertyPath: m_AnchorMax.x
      value: 0.5
      objectReference: {fileID: 0}
    - target: {fileID: 6686088212353894490, guid: c9b4c5f924e9cb0409cb0033d2a48837,
        type: 3}
      propertyPath: m_AnchorMax.y
      value: 0
      objectReference: {fileID: 0}
    - target: {fileID: 6686088212353894490, guid: c9b4c5f924e9cb0409cb0033d2a48837,
        type: 3}
      propertyPath: m_Pivot.x
      value: 0.5
      objectReference: {fileID: 0}
    - target: {fileID: 6686088212353894490, guid: c9b4c5f924e9cb0409cb0033d2a48837,
        type: 3}
      propertyPath: m_Pivot.y
      value: 0
      objectReference: {fileID: 0}
    - target: {fileID: 6686088212353894491, guid: c9b4c5f924e9cb0409cb0033d2a48837,
        type: 3}
      propertyPath: m_FontData.m_Font
      value: 
      objectReference: {fileID: 12800000, guid: 76b2fb4dd52779640bcecd03a7f407fe,
        type: 3}
    - target: {fileID: 6686088212353894491, guid: c9b4c5f924e9cb0409cb0033d2a48837,
        type: 3}
      propertyPath: m_Text
      value: Your experience was successfully deleted!
      objectReference: {fileID: 0}
    - target: {fileID: 6686088212353894491, guid: c9b4c5f924e9cb0409cb0033d2a48837,
        type: 3}
      propertyPath: m_Material
      value: 
      objectReference: {fileID: 2100000, guid: 514a874938fc8fe4088e1f2f403d5471, type: 2}
    - target: {fileID: 6686088212353894491, guid: c9b4c5f924e9cb0409cb0033d2a48837,
        type: 3}
      propertyPath: m_FontData.m_FontSize
      value: 38
      objectReference: {fileID: 0}
    - target: {fileID: 6686088212353894491, guid: c9b4c5f924e9cb0409cb0033d2a48837,
        type: 3}
      propertyPath: m_FontData.m_MaxSize
      value: 48
      objectReference: {fileID: 0}
    m_RemovedComponents: []
  m_SourcePrefab: {fileID: 100100000, guid: c9b4c5f924e9cb0409cb0033d2a48837, type: 3}
--- !u!224 &5823188589240387962 stripped
RectTransform:
  m_CorrespondingSourceObject: {fileID: 6686088212353894490, guid: c9b4c5f924e9cb0409cb0033d2a48837,
    type: 3}
  m_PrefabInstance: {fileID: 871973079537926432}
  m_PrefabAsset: {fileID: 0}
--- !u!1001 &871973079664292928
PrefabInstance:
  m_ObjectHideFlags: 0
  serializedVersion: 2
  m_Modification:
    m_TransformParent: {fileID: 390704487}
    m_Modifications:
    - target: {fileID: 6686088212353894489, guid: c9b4c5f924e9cb0409cb0033d2a48837,
        type: 3}
      propertyPath: m_Name
      value: Sub_Txt-14R
      objectReference: {fileID: 0}
    - target: {fileID: 6686088212353894490, guid: c9b4c5f924e9cb0409cb0033d2a48837,
        type: 3}
      propertyPath: m_LocalPosition.x
      value: 0
      objectReference: {fileID: 0}
    - target: {fileID: 6686088212353894490, guid: c9b4c5f924e9cb0409cb0033d2a48837,
        type: 3}
      propertyPath: m_LocalPosition.y
      value: 0
      objectReference: {fileID: 0}
    - target: {fileID: 6686088212353894490, guid: c9b4c5f924e9cb0409cb0033d2a48837,
        type: 3}
      propertyPath: m_LocalPosition.z
      value: 0
      objectReference: {fileID: 0}
    - target: {fileID: 6686088212353894490, guid: c9b4c5f924e9cb0409cb0033d2a48837,
        type: 3}
      propertyPath: m_LocalRotation.x
      value: -0
      objectReference: {fileID: 0}
    - target: {fileID: 6686088212353894490, guid: c9b4c5f924e9cb0409cb0033d2a48837,
        type: 3}
      propertyPath: m_LocalRotation.y
      value: -0
      objectReference: {fileID: 0}
    - target: {fileID: 6686088212353894490, guid: c9b4c5f924e9cb0409cb0033d2a48837,
        type: 3}
      propertyPath: m_LocalRotation.z
      value: -0
      objectReference: {fileID: 0}
    - target: {fileID: 6686088212353894490, guid: c9b4c5f924e9cb0409cb0033d2a48837,
        type: 3}
      propertyPath: m_LocalRotation.w
      value: 1
      objectReference: {fileID: 0}
    - target: {fileID: 6686088212353894490, guid: c9b4c5f924e9cb0409cb0033d2a48837,
        type: 3}
      propertyPath: m_RootOrder
      value: 1
      objectReference: {fileID: 0}
    - target: {fileID: 6686088212353894490, guid: c9b4c5f924e9cb0409cb0033d2a48837,
        type: 3}
      propertyPath: m_LocalEulerAnglesHint.x
      value: 0
      objectReference: {fileID: 0}
    - target: {fileID: 6686088212353894490, guid: c9b4c5f924e9cb0409cb0033d2a48837,
        type: 3}
      propertyPath: m_LocalEulerAnglesHint.y
      value: 0
      objectReference: {fileID: 0}
    - target: {fileID: 6686088212353894490, guid: c9b4c5f924e9cb0409cb0033d2a48837,
        type: 3}
      propertyPath: m_LocalEulerAnglesHint.z
      value: 0
      objectReference: {fileID: 0}
    - target: {fileID: 6686088212353894490, guid: c9b4c5f924e9cb0409cb0033d2a48837,
        type: 3}
      propertyPath: m_AnchoredPosition.x
      value: 0
      objectReference: {fileID: 0}
    - target: {fileID: 6686088212353894490, guid: c9b4c5f924e9cb0409cb0033d2a48837,
        type: 3}
      propertyPath: m_AnchoredPosition.y
      value: -126
      objectReference: {fileID: 0}
    - target: {fileID: 6686088212353894490, guid: c9b4c5f924e9cb0409cb0033d2a48837,
        type: 3}
      propertyPath: m_SizeDelta.x
      value: 731.4
      objectReference: {fileID: 0}
    - target: {fileID: 6686088212353894490, guid: c9b4c5f924e9cb0409cb0033d2a48837,
        type: 3}
      propertyPath: m_SizeDelta.y
      value: 126
      objectReference: {fileID: 0}
    - target: {fileID: 6686088212353894490, guid: c9b4c5f924e9cb0409cb0033d2a48837,
        type: 3}
      propertyPath: m_AnchorMin.x
      value: 0.5
      objectReference: {fileID: 0}
    - target: {fileID: 6686088212353894490, guid: c9b4c5f924e9cb0409cb0033d2a48837,
        type: 3}
      propertyPath: m_AnchorMin.y
      value: 0
      objectReference: {fileID: 0}
    - target: {fileID: 6686088212353894490, guid: c9b4c5f924e9cb0409cb0033d2a48837,
        type: 3}
      propertyPath: m_AnchorMax.x
      value: 0.5
      objectReference: {fileID: 0}
    - target: {fileID: 6686088212353894490, guid: c9b4c5f924e9cb0409cb0033d2a48837,
        type: 3}
      propertyPath: m_AnchorMax.y
      value: 0
      objectReference: {fileID: 0}
    - target: {fileID: 6686088212353894490, guid: c9b4c5f924e9cb0409cb0033d2a48837,
        type: 3}
      propertyPath: m_Pivot.x
      value: 0.5
      objectReference: {fileID: 0}
    - target: {fileID: 6686088212353894490, guid: c9b4c5f924e9cb0409cb0033d2a48837,
        type: 3}
      propertyPath: m_Pivot.y
      value: 0
      objectReference: {fileID: 0}
    - target: {fileID: 6686088212353894491, guid: c9b4c5f924e9cb0409cb0033d2a48837,
        type: 3}
      propertyPath: m_FontData.m_Font
      value: 
      objectReference: {fileID: 12800000, guid: 76b2fb4dd52779640bcecd03a7f407fe,
        type: 3}
    - target: {fileID: 6686088212353894491, guid: c9b4c5f924e9cb0409cb0033d2a48837,
        type: 3}
      propertyPath: m_Text
      value: Your experience was not deleted.
      objectReference: {fileID: 0}
    - target: {fileID: 6686088212353894491, guid: c9b4c5f924e9cb0409cb0033d2a48837,
        type: 3}
      propertyPath: m_Material
      value: 
      objectReference: {fileID: 2100000, guid: 514a874938fc8fe4088e1f2f403d5471, type: 2}
    - target: {fileID: 6686088212353894491, guid: c9b4c5f924e9cb0409cb0033d2a48837,
        type: 3}
      propertyPath: m_FontData.m_FontSize
      value: 38
      objectReference: {fileID: 0}
    - target: {fileID: 6686088212353894491, guid: c9b4c5f924e9cb0409cb0033d2a48837,
        type: 3}
      propertyPath: m_FontData.m_MaxSize
      value: 48
      objectReference: {fileID: 0}
    m_RemovedComponents: []
  m_SourcePrefab: {fileID: 100100000, guid: c9b4c5f924e9cb0409cb0033d2a48837, type: 3}
--- !u!224 &5823188589366754330 stripped
RectTransform:
  m_CorrespondingSourceObject: {fileID: 6686088212353894490, guid: c9b4c5f924e9cb0409cb0033d2a48837,
    type: 3}
  m_PrefabInstance: {fileID: 871973079664292928}
  m_PrefabAsset: {fileID: 0}
--- !u!1001 &1454524307306852913
PrefabInstance:
  m_ObjectHideFlags: 0
  serializedVersion: 2
  m_Modification:
    m_TransformParent: {fileID: 880139715392646606}
    m_Modifications:
    - target: {fileID: 6686088212353894489, guid: c9b4c5f924e9cb0409cb0033d2a48837,
        type: 3}
      propertyPath: m_Name
      value: Sub_Txt-12R
      objectReference: {fileID: 0}
    - target: {fileID: 6686088212353894490, guid: c9b4c5f924e9cb0409cb0033d2a48837,
        type: 3}
      propertyPath: m_LocalPosition.x
      value: 0
      objectReference: {fileID: 0}
    - target: {fileID: 6686088212353894490, guid: c9b4c5f924e9cb0409cb0033d2a48837,
        type: 3}
      propertyPath: m_LocalPosition.y
      value: 0
      objectReference: {fileID: 0}
    - target: {fileID: 6686088212353894490, guid: c9b4c5f924e9cb0409cb0033d2a48837,
        type: 3}
      propertyPath: m_LocalPosition.z
      value: 0
      objectReference: {fileID: 0}
    - target: {fileID: 6686088212353894490, guid: c9b4c5f924e9cb0409cb0033d2a48837,
        type: 3}
      propertyPath: m_LocalRotation.x
      value: -0
      objectReference: {fileID: 0}
    - target: {fileID: 6686088212353894490, guid: c9b4c5f924e9cb0409cb0033d2a48837,
        type: 3}
      propertyPath: m_LocalRotation.y
      value: -0
      objectReference: {fileID: 0}
    - target: {fileID: 6686088212353894490, guid: c9b4c5f924e9cb0409cb0033d2a48837,
        type: 3}
      propertyPath: m_LocalRotation.z
      value: -0
      objectReference: {fileID: 0}
    - target: {fileID: 6686088212353894490, guid: c9b4c5f924e9cb0409cb0033d2a48837,
        type: 3}
      propertyPath: m_LocalRotation.w
      value: 1
      objectReference: {fileID: 0}
    - target: {fileID: 6686088212353894490, guid: c9b4c5f924e9cb0409cb0033d2a48837,
        type: 3}
      propertyPath: m_RootOrder
      value: 2
      objectReference: {fileID: 0}
    - target: {fileID: 6686088212353894490, guid: c9b4c5f924e9cb0409cb0033d2a48837,
        type: 3}
      propertyPath: m_LocalEulerAnglesHint.x
      value: 0
      objectReference: {fileID: 0}
    - target: {fileID: 6686088212353894490, guid: c9b4c5f924e9cb0409cb0033d2a48837,
        type: 3}
      propertyPath: m_LocalEulerAnglesHint.y
      value: 0
      objectReference: {fileID: 0}
    - target: {fileID: 6686088212353894490, guid: c9b4c5f924e9cb0409cb0033d2a48837,
        type: 3}
      propertyPath: m_LocalEulerAnglesHint.z
      value: 0
      objectReference: {fileID: 0}
    - target: {fileID: 6686088212353894490, guid: c9b4c5f924e9cb0409cb0033d2a48837,
        type: 3}
      propertyPath: m_AnchoredPosition.x
      value: 0
      objectReference: {fileID: 0}
    - target: {fileID: 6686088212353894490, guid: c9b4c5f924e9cb0409cb0033d2a48837,
        type: 3}
      propertyPath: m_AnchoredPosition.y
      value: -67
      objectReference: {fileID: 0}
    - target: {fileID: 6686088212353894490, guid: c9b4c5f924e9cb0409cb0033d2a48837,
        type: 3}
      propertyPath: m_SizeDelta.x
      value: 693.63
      objectReference: {fileID: 0}
    - target: {fileID: 6686088212353894490, guid: c9b4c5f924e9cb0409cb0033d2a48837,
        type: 3}
      propertyPath: m_SizeDelta.y
      value: 141.9
      objectReference: {fileID: 0}
    - target: {fileID: 6686088212353894490, guid: c9b4c5f924e9cb0409cb0033d2a48837,
        type: 3}
      propertyPath: m_AnchorMin.x
      value: 0.5
      objectReference: {fileID: 0}
    - target: {fileID: 6686088212353894490, guid: c9b4c5f924e9cb0409cb0033d2a48837,
        type: 3}
      propertyPath: m_AnchorMin.y
      value: 0.5
      objectReference: {fileID: 0}
    - target: {fileID: 6686088212353894490, guid: c9b4c5f924e9cb0409cb0033d2a48837,
        type: 3}
      propertyPath: m_AnchorMax.x
      value: 0.5
      objectReference: {fileID: 0}
    - target: {fileID: 6686088212353894490, guid: c9b4c5f924e9cb0409cb0033d2a48837,
        type: 3}
      propertyPath: m_AnchorMax.y
      value: 0.5
      objectReference: {fileID: 0}
    - target: {fileID: 6686088212353894490, guid: c9b4c5f924e9cb0409cb0033d2a48837,
        type: 3}
      propertyPath: m_Pivot.x
      value: 0.5
      objectReference: {fileID: 0}
    - target: {fileID: 6686088212353894490, guid: c9b4c5f924e9cb0409cb0033d2a48837,
        type: 3}
      propertyPath: m_Pivot.y
      value: 0.5
      objectReference: {fileID: 0}
    - target: {fileID: 6686088212353894491, guid: c9b4c5f924e9cb0409cb0033d2a48837,
        type: 3}
      propertyPath: m_FontData.m_Font
      value: 
      objectReference: {fileID: 12800000, guid: ad67dddc066788943997a336af528f28,
        type: 3}
    - target: {fileID: 6686088212353894491, guid: c9b4c5f924e9cb0409cb0033d2a48837,
        type: 3}
      propertyPath: m_Text
      value: You will lose your target images and medias.
      objectReference: {fileID: 0}
    - target: {fileID: 6686088212353894491, guid: c9b4c5f924e9cb0409cb0033d2a48837,
        type: 3}
      propertyPath: m_Material
      value: 
      objectReference: {fileID: 2100000, guid: fab7c3164a782aa4a8bf5b48aa7164c3, type: 2}
    - target: {fileID: 6686088212353894491, guid: c9b4c5f924e9cb0409cb0033d2a48837,
        type: 3}
      propertyPath: m_FontData.m_FontSize
      value: 30
      objectReference: {fileID: 0}
    - target: {fileID: 6686088212353894491, guid: c9b4c5f924e9cb0409cb0033d2a48837,
        type: 3}
      propertyPath: m_FontData.m_MaxSize
      value: 48
      objectReference: {fileID: 0}
    m_RemovedComponents: []
  m_SourcePrefab: {fileID: 100100000, guid: c9b4c5f924e9cb0409cb0033d2a48837, type: 3}
--- !u!224 &5252960681979148907 stripped
RectTransform:
  m_CorrespondingSourceObject: {fileID: 6686088212353894490, guid: c9b4c5f924e9cb0409cb0033d2a48837,
    type: 3}
  m_PrefabInstance: {fileID: 1454524307306852913}
  m_PrefabAsset: {fileID: 0}
--- !u!1001 &1454524308580197658
PrefabInstance:
  m_ObjectHideFlags: 0
  serializedVersion: 2
  m_Modification:
    m_TransformParent: {fileID: 880139715392646606}
    m_Modifications:
    - target: {fileID: 6686088212353894489, guid: c9b4c5f924e9cb0409cb0033d2a48837,
        type: 3}
      propertyPath: m_Name
      value: Sub_Txt-14R
      objectReference: {fileID: 0}
    - target: {fileID: 6686088212353894490, guid: c9b4c5f924e9cb0409cb0033d2a48837,
        type: 3}
      propertyPath: m_LocalPosition.x
      value: 0
      objectReference: {fileID: 0}
    - target: {fileID: 6686088212353894490, guid: c9b4c5f924e9cb0409cb0033d2a48837,
        type: 3}
      propertyPath: m_LocalPosition.y
      value: 0
      objectReference: {fileID: 0}
    - target: {fileID: 6686088212353894490, guid: c9b4c5f924e9cb0409cb0033d2a48837,
        type: 3}
      propertyPath: m_LocalPosition.z
      value: 0
      objectReference: {fileID: 0}
    - target: {fileID: 6686088212353894490, guid: c9b4c5f924e9cb0409cb0033d2a48837,
        type: 3}
      propertyPath: m_LocalRotation.x
      value: -0
      objectReference: {fileID: 0}
    - target: {fileID: 6686088212353894490, guid: c9b4c5f924e9cb0409cb0033d2a48837,
        type: 3}
      propertyPath: m_LocalRotation.y
      value: -0
      objectReference: {fileID: 0}
    - target: {fileID: 6686088212353894490, guid: c9b4c5f924e9cb0409cb0033d2a48837,
        type: 3}
      propertyPath: m_LocalRotation.z
      value: -0
      objectReference: {fileID: 0}
    - target: {fileID: 6686088212353894490, guid: c9b4c5f924e9cb0409cb0033d2a48837,
        type: 3}
      propertyPath: m_LocalRotation.w
      value: 1
      objectReference: {fileID: 0}
    - target: {fileID: 6686088212353894490, guid: c9b4c5f924e9cb0409cb0033d2a48837,
        type: 3}
      propertyPath: m_RootOrder
      value: 1
      objectReference: {fileID: 0}
    - target: {fileID: 6686088212353894490, guid: c9b4c5f924e9cb0409cb0033d2a48837,
        type: 3}
      propertyPath: m_LocalEulerAnglesHint.x
      value: 0
      objectReference: {fileID: 0}
    - target: {fileID: 6686088212353894490, guid: c9b4c5f924e9cb0409cb0033d2a48837,
        type: 3}
      propertyPath: m_LocalEulerAnglesHint.y
      value: 0
      objectReference: {fileID: 0}
    - target: {fileID: 6686088212353894490, guid: c9b4c5f924e9cb0409cb0033d2a48837,
        type: 3}
      propertyPath: m_LocalEulerAnglesHint.z
      value: 0
      objectReference: {fileID: 0}
    - target: {fileID: 6686088212353894490, guid: c9b4c5f924e9cb0409cb0033d2a48837,
        type: 3}
      propertyPath: m_AnchoredPosition.x
      value: 0
      objectReference: {fileID: 0}
    - target: {fileID: 6686088212353894490, guid: c9b4c5f924e9cb0409cb0033d2a48837,
        type: 3}
      propertyPath: m_AnchoredPosition.y
      value: 60
      objectReference: {fileID: 0}
    - target: {fileID: 6686088212353894490, guid: c9b4c5f924e9cb0409cb0033d2a48837,
        type: 3}
      propertyPath: m_SizeDelta.x
      value: 630.1
      objectReference: {fileID: 0}
    - target: {fileID: 6686088212353894490, guid: c9b4c5f924e9cb0409cb0033d2a48837,
        type: 3}
      propertyPath: m_SizeDelta.y
      value: 141.9
      objectReference: {fileID: 0}
    - target: {fileID: 6686088212353894490, guid: c9b4c5f924e9cb0409cb0033d2a48837,
        type: 3}
      propertyPath: m_AnchorMin.x
      value: 0.5
      objectReference: {fileID: 0}
    - target: {fileID: 6686088212353894490, guid: c9b4c5f924e9cb0409cb0033d2a48837,
        type: 3}
      propertyPath: m_AnchorMin.y
      value: 0.5
      objectReference: {fileID: 0}
    - target: {fileID: 6686088212353894490, guid: c9b4c5f924e9cb0409cb0033d2a48837,
        type: 3}
      propertyPath: m_AnchorMax.x
      value: 0.5
      objectReference: {fileID: 0}
    - target: {fileID: 6686088212353894490, guid: c9b4c5f924e9cb0409cb0033d2a48837,
        type: 3}
      propertyPath: m_AnchorMax.y
      value: 0.5
      objectReference: {fileID: 0}
    - target: {fileID: 6686088212353894490, guid: c9b4c5f924e9cb0409cb0033d2a48837,
        type: 3}
      propertyPath: m_Pivot.x
      value: 0.5
      objectReference: {fileID: 0}
    - target: {fileID: 6686088212353894490, guid: c9b4c5f924e9cb0409cb0033d2a48837,
        type: 3}
      propertyPath: m_Pivot.y
      value: 0.5
      objectReference: {fileID: 0}
    - target: {fileID: 6686088212353894491, guid: c9b4c5f924e9cb0409cb0033d2a48837,
        type: 3}
      propertyPath: m_FontData.m_Font
      value: 
      objectReference: {fileID: 12800000, guid: 76b2fb4dd52779640bcecd03a7f407fe,
        type: 3}
    - target: {fileID: 6686088212353894491, guid: c9b4c5f924e9cb0409cb0033d2a48837,
        type: 3}
      propertyPath: m_Text
      value: Are you sure you want to delete this experience?
      objectReference: {fileID: 0}
    - target: {fileID: 6686088212353894491, guid: c9b4c5f924e9cb0409cb0033d2a48837,
        type: 3}
      propertyPath: m_Material
      value: 
      objectReference: {fileID: 2100000, guid: 514a874938fc8fe4088e1f2f403d5471, type: 2}
    - target: {fileID: 6686088212353894491, guid: c9b4c5f924e9cb0409cb0033d2a48837,
        type: 3}
      propertyPath: m_FontData.m_FontSize
      value: 38
      objectReference: {fileID: 0}
    - target: {fileID: 6686088212353894491, guid: c9b4c5f924e9cb0409cb0033d2a48837,
        type: 3}
      propertyPath: m_FontData.m_MaxSize
      value: 48
      objectReference: {fileID: 0}
    m_RemovedComponents: []
  m_SourcePrefab: {fileID: 100100000, guid: c9b4c5f924e9cb0409cb0033d2a48837, type: 3}
--- !u!224 &5252960683251739968 stripped
RectTransform:
  m_CorrespondingSourceObject: {fileID: 6686088212353894490, guid: c9b4c5f924e9cb0409cb0033d2a48837,
    type: 3}
  m_PrefabInstance: {fileID: 1454524308580197658}
  m_PrefabAsset: {fileID: 0}
--- !u!1001 &5052380959561840481
PrefabInstance:
  m_ObjectHideFlags: 0
  serializedVersion: 2
  m_Modification:
    m_TransformParent: {fileID: 3119918892252164675}
    m_Modifications:
    - target: {fileID: 6686088212353894489, guid: c9b4c5f924e9cb0409cb0033d2a48837,
        type: 3}
      propertyPath: m_Name
      value: Sub_Txt-14R
      objectReference: {fileID: 0}
    - target: {fileID: 6686088212353894490, guid: c9b4c5f924e9cb0409cb0033d2a48837,
        type: 3}
      propertyPath: m_LocalPosition.x
      value: 0
      objectReference: {fileID: 0}
    - target: {fileID: 6686088212353894490, guid: c9b4c5f924e9cb0409cb0033d2a48837,
        type: 3}
      propertyPath: m_LocalPosition.y
      value: 0
      objectReference: {fileID: 0}
    - target: {fileID: 6686088212353894490, guid: c9b4c5f924e9cb0409cb0033d2a48837,
        type: 3}
      propertyPath: m_LocalPosition.z
      value: 0
      objectReference: {fileID: 0}
    - target: {fileID: 6686088212353894490, guid: c9b4c5f924e9cb0409cb0033d2a48837,
        type: 3}
      propertyPath: m_LocalRotation.x
      value: -0
      objectReference: {fileID: 0}
    - target: {fileID: 6686088212353894490, guid: c9b4c5f924e9cb0409cb0033d2a48837,
        type: 3}
      propertyPath: m_LocalRotation.y
      value: -0
      objectReference: {fileID: 0}
    - target: {fileID: 6686088212353894490, guid: c9b4c5f924e9cb0409cb0033d2a48837,
        type: 3}
      propertyPath: m_LocalRotation.z
      value: -0
      objectReference: {fileID: 0}
    - target: {fileID: 6686088212353894490, guid: c9b4c5f924e9cb0409cb0033d2a48837,
        type: 3}
      propertyPath: m_LocalRotation.w
      value: 1
      objectReference: {fileID: 0}
    - target: {fileID: 6686088212353894490, guid: c9b4c5f924e9cb0409cb0033d2a48837,
        type: 3}
      propertyPath: m_RootOrder
      value: 1
      objectReference: {fileID: 0}
    - target: {fileID: 6686088212353894490, guid: c9b4c5f924e9cb0409cb0033d2a48837,
        type: 3}
      propertyPath: m_LocalEulerAnglesHint.x
      value: 0
      objectReference: {fileID: 0}
    - target: {fileID: 6686088212353894490, guid: c9b4c5f924e9cb0409cb0033d2a48837,
        type: 3}
      propertyPath: m_LocalEulerAnglesHint.y
      value: 0
      objectReference: {fileID: 0}
    - target: {fileID: 6686088212353894490, guid: c9b4c5f924e9cb0409cb0033d2a48837,
        type: 3}
      propertyPath: m_LocalEulerAnglesHint.z
      value: 0
      objectReference: {fileID: 0}
    - target: {fileID: 6686088212353894490, guid: c9b4c5f924e9cb0409cb0033d2a48837,
        type: 3}
      propertyPath: m_AnchoredPosition.x
      value: 0
      objectReference: {fileID: 0}
    - target: {fileID: 6686088212353894490, guid: c9b4c5f924e9cb0409cb0033d2a48837,
        type: 3}
      propertyPath: m_AnchoredPosition.y
      value: -126
      objectReference: {fileID: 0}
    - target: {fileID: 6686088212353894490, guid: c9b4c5f924e9cb0409cb0033d2a48837,
        type: 3}
      propertyPath: m_SizeDelta.x
      value: 731.4
      objectReference: {fileID: 0}
    - target: {fileID: 6686088212353894490, guid: c9b4c5f924e9cb0409cb0033d2a48837,
        type: 3}
      propertyPath: m_SizeDelta.y
      value: 126
      objectReference: {fileID: 0}
    - target: {fileID: 6686088212353894490, guid: c9b4c5f924e9cb0409cb0033d2a48837,
        type: 3}
      propertyPath: m_AnchorMin.x
      value: 0.5
      objectReference: {fileID: 0}
    - target: {fileID: 6686088212353894490, guid: c9b4c5f924e9cb0409cb0033d2a48837,
        type: 3}
      propertyPath: m_AnchorMin.y
      value: 0
      objectReference: {fileID: 0}
    - target: {fileID: 6686088212353894490, guid: c9b4c5f924e9cb0409cb0033d2a48837,
        type: 3}
      propertyPath: m_AnchorMax.x
      value: 0.5
      objectReference: {fileID: 0}
    - target: {fileID: 6686088212353894490, guid: c9b4c5f924e9cb0409cb0033d2a48837,
        type: 3}
      propertyPath: m_AnchorMax.y
      value: 0
      objectReference: {fileID: 0}
    - target: {fileID: 6686088212353894490, guid: c9b4c5f924e9cb0409cb0033d2a48837,
        type: 3}
      propertyPath: m_Pivot.x
      value: 0.5
      objectReference: {fileID: 0}
    - target: {fileID: 6686088212353894490, guid: c9b4c5f924e9cb0409cb0033d2a48837,
        type: 3}
      propertyPath: m_Pivot.y
      value: 0
      objectReference: {fileID: 0}
    - target: {fileID: 6686088212353894491, guid: c9b4c5f924e9cb0409cb0033d2a48837,
        type: 3}
      propertyPath: m_FontData.m_Font
      value: 
      objectReference: {fileID: 12800000, guid: 76b2fb4dd52779640bcecd03a7f407fe,
        type: 3}
    - target: {fileID: 6686088212353894491, guid: c9b4c5f924e9cb0409cb0033d2a48837,
        type: 3}
      propertyPath: m_Text
      value: Deleting, please wait..
      objectReference: {fileID: 0}
    - target: {fileID: 6686088212353894491, guid: c9b4c5f924e9cb0409cb0033d2a48837,
        type: 3}
      propertyPath: m_Material
      value: 
      objectReference: {fileID: 2100000, guid: 514a874938fc8fe4088e1f2f403d5471, type: 2}
    - target: {fileID: 6686088212353894491, guid: c9b4c5f924e9cb0409cb0033d2a48837,
        type: 3}
      propertyPath: m_FontData.m_FontSize
      value: 38
      objectReference: {fileID: 0}
    - target: {fileID: 6686088212353894491, guid: c9b4c5f924e9cb0409cb0033d2a48837,
        type: 3}
      propertyPath: m_FontData.m_MaxSize
      value: 48
      objectReference: {fileID: 0}
    m_RemovedComponents: []
  m_SourcePrefab: {fileID: 100100000, guid: c9b4c5f924e9cb0409cb0033d2a48837, type: 3}
--- !u!224 &1933285008125378363 stripped
RectTransform:
  m_CorrespondingSourceObject: {fileID: 6686088212353894490, guid: c9b4c5f924e9cb0409cb0033d2a48837,
    type: 3}
  m_PrefabInstance: {fileID: 5052380959561840481}
  m_PrefabAsset: {fileID: 0}
